1838 3164
203 163 270 205 xiv
664 152 950 202 PRAEFATIO
977 149 1250 197 LEISNERI.

210 276 386 332 generis
405 274 651 331 exemplum
682 275 748 315 est
781 274 899 313 locus
919 266 1080 309 AEliani
1109 263 1217 328 Yar.'
1245 260 1367 326 Hist.'
1393 261 1471 303 l'ib.
1508 260 1539 303 i.
1570 271 1608 304 c.
1642 262 1709 306 14,

213 335 291 377 ubi
319 336 371 375 in
400 334 619 376 locutione
639 330 749 385 ἄρχει
769 329 919 374 ἀδίκων,
949 327 978 365 i.
999 338 1038 365 e.
1065 333 1185 378 μνον
1200 319 1384 368 lacessat,
1414 329 1644 374 perperam
1665 321 1711 361 τὺ

211 385 1011 502 ἕέἔᾈῗὲἓὲῗξέἓωᾛὲΐ51ςυῖἶὲἶέ
1035 381 1260 488 vffi‘ffi
1278 373 1712 487 Sssssnuiiliffss'ssgm‘ffl

213 510 305 548 tem
327 505 455 547 istius
476 504 592 546 vocis
623 501 797 555 ellipsin
828 501 872 539 in
902 498 987 538 ista
1017 494 1169 548 phrasi
1201 495 1493 540 essermonet,
1519 492 1565 533 id
1589 490 1712 535 Pausi.

215 561 469 617 Leopardus
501 559 726 603 Emendat.
755 569 796 597 x.
837 555 900 596 12.
935 551 1084 592 multis
1114 562 1286 604 quoque
1305 550 1518 604 exemplis
1536 550 1714 604 probut-

213 619 273 662 Et
291 632 427 673 quum
459 619 584 672 cygni
620 614 819 657 manibus
855 612 1051 656 careant,
1079 608 1253 650 videtur
1280 608 1519 650 necessitas
1539 606 1714 650 AEliano

208 678 353 719 fuisse
374 679 505 719 istam
523 675 721 717 voculam
739 668 984 712 omittendi.

271 733 342 776 Ita
371 736 568 784 ¹fuerunt,
615 731 691 785 qui
738 727 999 768 medicinam
1043 722 1337 764 adhibendam
1374 725 1585 777 putarent
1626 720 1715 764 He-

214 793 353 845 sychii
375 792 469 833 loco
484 803 575 831 :non
606 788 715 829 male
736 785 914 826 affecto:
943 778 1174 830 Ἀστόξενοι·
1197 782 1230 821 οἱ
1247 782 1341 829 «γένει
1359 781 1430 829 μὲν
1448 779 1717 836 wpocvixoms,

218 849 280 890 ἐπὶ
301 848 339 890 δὲ
361 850 432 893 τῆς
452 847 675 889 ἀλλοδαπῆς
692 843 899 892 γεγονότες.
960 836 1048 879 Hic
1082 837 1273 892 primum
1301 838 1472 891 aliquid
1505 837 1717 880 omissum

217 919 312 947 esse
332 909 446 947 recte
466 904 577 946 vidit
595 901 746 943 Lamb.
770 897 871 946 Bos,
896 895 1007 938 obs.
1025 893 1135 937 Grit.
1154 908 1193 936 c.
1224 897 1373 938 xxxvi.
1405 909 1450 950 p.
1476 894 1572 937 157.
1625 892 1718 937 'Sed

210 966 344 1017 >putat
356 962 600 1004 addendum
622 964 673 1014 τῇ
693 959 799 999 ιπόλει
818 959 919 1008 'post
938 952 1218 1006 wpoo‘huowss3
1245 952 1406 994 deinde
1419 952 1644 994 stanleius
1661 952 1718 994 ad

214 1018 465 1074 AEschylum
485 1017 637 1071 Suppl.
658 1013 758 1058 361.
817 1011 1024 1064 Hesychii
1059 1010 1203 1051 locum
1221 1011 1379 1062 citans,
1407 1023 1490 1064 pro
1511 1008 1573 1051 sni
1593 1009 1632 1051 δὲ
1648 1012 1720 1054 τῆς

213 1077 445 1131 legendum
463 1075 641 1127 conjicit
660 1072 720 1114 ἐπὶ
741 1071 778 1112 δὲ
797 1072 869 1118 «γῆς
889 1072 983 1109 ἀλλ.
1005 1085 1048 1115 ιγ.
1109 1066 1195 1108 Sed
1210 1067 1264 1108 in.
1277 1068 1482 1122 ἀλλοτρία,
1499 1065 1722 1117 mavi»,

215 1134 299 1182 ξέναι
319 1138 401 1175 etc.
426 1146 539 1185 saepe
559 1144 636 1185 per
654 1130 830 1183 ellipsin
862 1125 1035 1167 reticeri
1067 1125 1094 1168 ἦ
1124 1126 1194 1172 ersi),
1225 1137 1281 1165 ex
1299 1129 1449 1166 nostro
1474 1124 1720 1166 libe-Hemo-

210 1196 308 1232 ¹tum
337 1194 415 1231 est.
470 1188 529 1238 'Et
563 1200 643 1241 pro
676 1191 728 1242 τῇ
758 1185 870 1224 πόλει
898 1186 1000 1237 post
1018 1194 1169 1223 vocem
1188 1182 1440 1238 προσήκοντες
1454 1182 1722 1235 videtui-po-

212 1248 302 1289 tius
320 1259 414 1288 esse
442 1243 857 1297 subintelligendum
877 1246 932 1296 τῷ
950 1239 1072 1288 ἄστει,
1102 1240 1220 1294 quod
1240 1251 1344 1281 voce
1375 1238 1562 1289 οἷστόξῡνοι
1581 1240 1721 1281 conti-

210 1308 358 1352 netur,
389 1309 438 1346 ut
453 1305 574 1346 docet
592 1303 659 1343 vir
677 1303 827 1342 doctus
849 1297 956 1340 Obs.
990 1296 1118 1339 Misc.
1150 1298 1236 1339 vol.
1259 1297 1290 1338 i.
1312 1300 1346 1339 t.
1367 1297 1435 1338 iii.
1455 1309 1501 1352 p.
1524 1295 1721 1338 424.υῶτί

143 1373 147 1378 ’
214 1362 562 1403 observationem
589 1360 858 1414 praeclaram,
889 1361 934 1398 et
964 1355 1195 1411 permultis
1225 1355 1334 1397 locis
1362 1353 1573 1408 Hesychii
1603 1357 1722 1396 reete

154 1426 158 1428 ’
215 1420 511 1473 intelligendis
541 1418 696 1459 utilem
730 1414 956 1472 proponit,
1002 1413 1168 1455 scilicet
1197 1411 1463 1466 Hesychium
1492 1411 1600 1453 illud
1627 1424 1724 1454 ver-

216 1477 322 1518 bum
355 1477 422 1518 vel
452 1476 774 1518 substantivum
806 1473 1026 1520 omittere,
1070 1470 1189 1525 quod
1217 1470 1264 1511 in
1284 1482 1387 1511 voce
1404 1470 1520 1524 ipsa,
1544 1469 1607 1511 de
1633 1478 1725 1523 qua

217 1535 327 1587 agit,
359 1535 479 1582 latet,
510 1533 692 1586 ideoque
715 1530 1025 1586 supplendum,
1048 1528 1278 1569 brevitatis
1293 1526 1725 1582 catus‘a,-reiinquere

218 1591 387 1633 lectori.

273 1642 421 1690 Verba
440 1650 540 1700 ἰέναι,
567 1645 767 1704 ἔρχεσθαι,
799 1646 931 1700 ὁρμᾷν,
962 1646 1135 1698 aliaque
1162 1643 1299 1684 simili
1319 1646 1555 1697 potestate,
1585 1643 1725 1685 solere

219 1719 330 1761 saepe
361 1707 511 1748 abesse
541 1704 745 1746 ornandae
780 1703 994 1744 orationis
1029 1714 1177 1749 causa,
1219 1701 1339 1742 infra
1376 1701 1616 1743 docebitur.
1676 1698 1727 1743 Id

218 1764 336 1818 quod
355 1777 453 1805 cum
474 1776 560 1804 non
580 1764 848 1804 observasset
879 1759 939 1801 H.
971 1758 1239 1814 Stephanus,
1271 1759 1486 1800 immerito
1514 1759 1726 1814 deprava·
1777 1797 1781 1802 ,

212 1826 314 1863 tum
334 1822 598 1863 existimavit
627 1821 768 1862 locum
801 1815 1108 1872 Xenophontis
1149 1815 1266 1858 Hell.
1298 1817 1344 1856 ii.
1382 1818 1570 1858 ἐκέλευσεν
1604 1817 1622 1856 ὁ
1650 1818 1726 1856 τῶν

220 1879 419 1934 τριάκοντα
439 1877 557 1934 κῆρυξ
576 1876 661 1919 τοὺς
690 1876 813 1918 ἕνδεκα
836 1875 897 1917 ἐπὶ
918 1875 980 1917 τὸν
1004 1874 1253 1930 Θηραμένην.
1315 1872 1372 1914 H.
1398 1872 1650 1928 Stephanus
1680 1872 1726 1913 τὸ

221 1936 409 1976 ἐκέλευσεν
431 1936 685 1976 mutandum
715 1937 861 1976 censet
891 1933 938 1974 in
968 1933 1157 1973 ἐκάλεσεν.
1184 1962 1191 1968 -
1215 1930 1304 1972 Sed
1337 1933 1584 1973 mutatione
1611 1930 1726 1972 nihfl

222 2005 332 2047 opus
351 1997 432 2034 est.
463 1992 738 2047 supplendus
758 1991 1004 2033 infinitivus
1025 1992 1126 2031 ἰέναι.
1154 1987 1257 2031 Vid.
1279 1987 1387 2030 Obs.
1409 1987 1538 2030 Misc.
1558 1989 1646 2030 voi.
1669 1988 1730 2029 iv.

223 2062 266 2104 p.
289 2049 388 2090 282.
421 2053 464 2090 et
481 2063 528 2103 p.
550 2049 648 2091 358.
708 2048 755 2090 Si
783 2051 911 2103 plura
939 2048 1179 2096 desideras,
1211 2047 1284 2088 adi
1318 2046 1493 2088 easdem
1510 2045 1729 2088 Observa·-

224 2108 368 2148 tiones
390 2106 711 2155 Miscellaneas,
742 2110 786 2147 et
817 2107 993 2159 quidem
1015 2106 1101 2146 vol.
1125 2118 1164 2155 v,
1186 2108 1218 2146 t.
1252 2105 1320 2145 iii.
1358 2117 1405 2160 p.
1428 2103 1498 2146 85.
1529 2115 1609 2146 nec
1641 2114 1729 2145 non

222 2164 543 2206 recentissimos
564 2163 826 2218 Thucydidis
848 2164 1109 2218 interpretes
1128 2162 1185 2203 ad
1206 2161 1263 2203 vi.
1279 2159 1357 2203 54.

283 2221 370 2262 Sed
389 2235 522 2276 quam
541 2222 671 2264 facile
692 2222 885 2276 ellipsios
906 2218 1127 2275 ignoratio
1147 2220 1352 2261 seducere
1372 2218 1528 2274 possit,
1543 2221 1593 2259 ut
1607 2218 1729 2260 locos

227 2282 469 2327 auctorum,
497 2281 573 2332 qui
595 2280 714 2320 nullo
735 2281 842 2320 vitio
879 2280 1097 2331 laborant,
1126 2278 1309 2319 mutilos
1329 2288 1442 2322 esse,
1473 2275 1541 2317 vel
1571 2275 1730 2330 depra-

226 2338 350 2377 vatos
389 2337 628 2385 credamus,
676 2349 753 2377 suo
790 2338 987 2391 exemplo
1025 2336 1306 2379 doctissimus
1344 2337 1389 2375 et
1427 2334 1733 2376 ἐλληνικώτατος

228 2390 436 2434 Kusterus
457 2394 580 2435 docet
611 2394 666 2434 ad
686 2394 910 2448 Aristoph.
935 2394 1049 2435 Plut.
1080 2392 1180 2434 468.
1209 2393 1302 2446 qui,
1331 2404 1430 2433 cum
1461 2391 1515 2431 de
1548 2390 1733 2443 σχήματι

227 2450 305 2491 illo
326 2450 628 2506 ἀνανταποδὸτῳ,
658 2451 711 2492 de
732 2464 818 2503 quo
838 2453 971 2493 etiam
989 2451 1074 2493 Bos
1095 2465 1173 2493 suo
1193 2451 1288 2492 loco
1308 2450 1419 2502 agit,
1438 2449 1730 2503 exposuisset,

229 2507 456 2559 subjungit
477 2508 567 2548 haec
586 2522 595 2547 ;
630 2515 659 2533 “
684 2506 885 2550 Ceterum
903 2510 1069 2562 ellipsis
1091 2510 1179 2550 haeo
1198 2521 1251 2549 eo
1271 2507 1412 2560 magis
1432 2505 1626 2548 notanda
1645 2508 1730 2556 est,

227 2564 359 2616 quod,
400 2565 474 2616 qui
511 2577 606 2605 eam
641 2567 859 2618 ignorant,
900 2567 1030 2607 facile
1063 2567 1315 2607 existimare
1344 2564 1529 2619 possint,
1560 2562 1732 2605 ἀπόδοσιν

227 2621 348 2663 illam
370 2621 537 2662 incuria
556 2622 831 2663 librariorum
852 2624 969 2676 apud
990 2624 1220 2678 scriptores
1247 2623 1359 2663 forte
1379 2622 1588 2662 omissam
1604 2632 1730 2664 esse:

226 2678 344 2729 quod
358 2678 500 2731 ipsum
521 2692 589 2719 me
609 2680 838 2732 aliquando
857 2693 935 2733 per
953 2693 1141 2722 errorem
1156 2684 1349 2735 putasse,
1368 2691 1456 2720 non
1468 2675 1733 2718 diffitebor-2·

229 2733 604 2782 Quemadmodum
624 2741 772 2778 autem
806 2738 1026 2790 ellipsium
1061 2739 1283 2791 ignoratio
1303 2737 1442 2778 malas
1469 2736 1733 2788 interpreta-

226 2793 369 2833 tiones
403 2796 448 2833 et
476 2794 802 2835 emendationes
820 2807 1130 2846 nonnunquam
1151 2796 1351 2850 peperit:
1384 2793 1450 2835 ita
1482 2796 1639 2834 cont-ra
1654 2792 1734 2833 ob-

225 2849 464 2891 servationi
484 2851 703 2904 ellipsium
724 2864 835 2906 saepe
855 2851 899 2891 id
919 2851 1118 2894 debuisse
1148 2854 1264 2896 viros
1290 2854 1439 2894 doctos
1458 2850 1733 2892 animadver-

224 2907 377 2958 timus,
407 2910 456 2950 ut
472 2907 588 2951 locos
618 2913 845 2966 corruptos
876 2908 1131 2953 felicissime
1164 2910 1460 2955 restituerent.
1516 2904 1731 2968 Exemplo
