1838 3164
570 178 633 222 IN
665 176 871 224 GRAEOA
899 176 1125 223 LINGUA.
1532 174 1611 219 155

91 293 207 350 sebit
242 295 572 351 intelligendam
609 309 716 340 esse.
795 295 990 349 Obscure
1029 296 1291 338 enim‘talia
1331 295 1513 348 cogitari
1545 300 1708 343 so-114

90 353 200 401 lent,
219 357 280 403 et,
299 366 436 408 quum
454 352 577 397 clare
589 356 896 402 enunciantui‘,
928 353 1041 395 inter
1059 354 1211 409 plures
1237 354 1452 395 formulas
1474 354 1614 395 libera

95 413 221 467 optio
242 416 319 454 est.
889 433 891 436 <

550 495 627 544 IV.
658 500 728 544 De
755 493 916 560 Edipsi
949 492 1157 545 Nominis.

149 586 254 631 Jam
283 592 570 644 posteaquam
589 587 791 631 universe
810 590 864 630 de
883 590 1027 644 ellipsi
1058 590 1309 644 expositum
1330 584 1413 637 est,
1444 596 1614 631 accom-

93 646 370 689 modabimus
401 645 746 701 disputationem
778 650 971 689 nostram
1007 648 1063 689 ad
1094 660 1160 699 ea,
1190 661 1290 701 quae
1312 645 1471 689 Bosius
1490 646 1613 700 iique

94 705 379 760 scripsemnt,
400 705 476 758 qui
496 704 659 745 librum
682 703 922 747 Bosianum
942 705 1255 748 additamentis
1276 712 1452 746 auxere.
1494 703 1614 752 Quo-

93 767 192 805 rum
209 765 456 804 commenta
486 762 674 810 faciunt,
706 776 761 804 ne
782 764 891 804 satis
924 767 1021 804 esse
1039 764 1241 805 videatur
1262 765 1465 804 naturam
1487 761 1613 817 ellip=

92 833 190 862 seos
225 820 272 861 in
302 820 557 862 universum
594 820 856 869 declarasse,
887 821 973 862 nisi
1008 821 1146 862 etiam
1179 822 1326 862 fontes
1360 820 1612 862 indicentur

97 876 313 925 errorum,
343 888 453 932 quos
494 877 569 919 ille
606 878 906 920 venandamm
946 878 1168 933 ellipsium
1200 879 1326 920 furor
1361 879 1613 932 progenuit.

95 929 161 977 Ac
179 940 313 988 quum
334 938 424 976 tres
445 936 535 977 sint
555 934 734 977 Bosiani
756 937 857 978 libri
879 939 1044 990 partes,
1074 942 1262 990 quarum
1291 935 1437 990 prima
1465 935 1519 976 de
1539 943 1618 976 no·-

95 993 246 1045 minis,
280 993 470 1035 secunda
493 993 547 1034 de
577 994 715 1041 verbi,
746 994 882 1035 tertia
911 994 965 1035 de
995 995 1312 1047 particularum
1343 990 1490 1047 ellipsi
1529 995 1614 1040 est,

97 1055 227 1107 nemo
257 1051 335 1104 'qui
368 1052 640 1093 accuratiore
666 1052 863 1093 imbutus
881 1052 941 1093 sit
963 1050 1127 1093 Graecae
1156 1052 1319 1104 linguae
1353 1049 1615 1104 cognitione,

96 1116 184 1150 non
214 1108 449 1161 intelliget,
483 1109 713 1162 plerasque
747 1110 937 1164 ellipses‚
976 1119 1074 1163 quae
1106 1109 1286 1162 quidem
1323 1108 1405 1150 hoc
1439 1108 1617 1148 nomine

96 1166 243 1221 dig-nae
276 1166 383 1214 sint,
415 1169 461 1208 in
495 1168 686 1208 secunda
710 1171 838 1222 parte
859 1168 1064 1215 inveniri,
1096 1180 1193 1220 quae
1216 1170 1283 1209 est
1301 1165 1355 1207 de
1374 1164 1538 1211 verbo:
1571 1163 1618 1206 in

95 1223 243 1278 prima
262 1221 411 1265 autem
429 1227 556 1278 parte
574 1225 802 1266 nominum
823 1225 1000 1279 ellipses
1020 1225 1252 1280 plerasque
1273 1232 1439 1270 omnes,
1454 1222 1619 1277 quippe

98 1279 407 1329 adtrecentas,
441 1281 689 1323 incredibili
721 1283 896 1324 inscitia
916 1286 1079 1324 temere
1113 1283 1236 1324 fictas
1263 1291 1386 1328 esse;
1420 1280 1466 1322 in
1484 1278 1619 1322 tertia
1671 1328 1673 1330 ,

99 1333 287 1391 denique
314 1342 458 1392 parte,
491 1342 589 1391 quae
620 1343 683 1381 est
717 1340 770 1380 de
803 1338 1050 1394 particulis,
1084 1340 1279 1394 ellipsin,
1313 1337 1350 1380 si
1371 1347 1475 1380 vera
1496 1337 1615 1386 sunt,
1643 1358 1647 1364 ν

98 1398 198 1449 qua}
218 1407 269 1436 su
302 1395 707 1448 radisp'utavimus,
728 1406 815 1438 non
834 1398 1020 1451 reperiri
1037 1398 1190 1438 ullam.

160 1407 349 1513 Dicaeus·
380 1454 525 1507 primo
556 1452 610 1494 de
642 1454 786 1508 ellipsi
821 1454 1023 1495 nominis.
1084 1453 1142 1495 Et
1157 1467 1293 1507 quum
1321 1458 1457 1507 supra
1477 1456 1620 1494 osten-

101 1515 201 1566 sum
236 1510 314 1558 sit,
346 1509 572 1564 praedicati
611 1512 778 1552 nullam
822 1512 998 1566 ellipsin
1028 1524 1141 1559 esse,
1172 1513 1373 1567 apertum
1407 1513 1491 1557 est,
1522 1522 1622 1564 quae

101 1567 194 1609 ‘sint
229 1569 460 1621 nominum
493 1568 687 1622 ellipses‚
717 1573 792 1610 eas
829 1570 876 1610 in
912 1569 1030 1610 hisce
1059 1571 1236 1611 tantum
1258 1566 1510 1624 nominibus
1532 1575 1621 1623 yer-

103 1624 212 1671 sari,
235 1636 335 1678 quae
355 1625 448 1665 sive
469 1625 760 1674 substantiva,
784 1626 875 1667 sive
895 1627 1124 1679 adjectiva,
1147 1627 1240 1667 sive
1260 1624 1499 1680 participia
1515 1625 1620 1673 sint,
1638 1625 1716 1668 115

103 1677 290 1735 subjecti
310 1682 464 1730 instar,
496 1682 540 1722 id
571 1686 636 1723 aet
655 1696 736 1736 pro
763 1683 1070 1731 substantivis,
1102 1683 1363 1724 habeantur.
1425 1682 1624 1729 Quorum

102 1740 300 1787 omnino,
329 1739 698 1794 quemadmodum
720 1741 1025 1788 indicavimus,
1046 1741 1210 1795 duplex
1228 1739 1344 1782 ratio
1362 1743 1443 1782 est.
1505 1739 1623 1781 Nam

102 1801 184 1838 aut
213 1801 359 1839 totum
390 1797 513 1838 deest
543 1797 729 1850 subjecti
765 1803 939 1845 nomen,
977 1810 1112 1850 quum
1140 1806 1227 1839 non
1258 1800 1404 1852 potest
1439 1793 1624 1838 dubium

104 1865 217 1903 esse,
247 1853 302 1896 de
330 1859 420 1908 qua
440 1867 487 1895 re
508 1867 649 1896 sermo
670 1856 744 1903 sit,
773 1859 852 1896 aut
870 1866 975 1909 pars
995 1856 1215 1897 omittitur
1236 1855 1442 1907 subjecti,
1472 1855 1550 1896 ubi
1570 1861 1625 1896 ex

104 1920 157 1953 ea
177 1914 322 1967 parte,
343 1918 442 1965 quae
460 1913 607 1966 posita
628 1917 712 1960 est,
733 1913 871 1954 altera
892 1916 1047 1967 sponte
1068 1913 1344 1966 intelligitur.
1404 1909 1456 1953 In
1475 1913 1624 1966 priore

37 1983 43 1989 ·
104 1968 285 2026 quidem
305 1977 481 2023 genere,
513 1970 559 2010 in
581 1983 669 2023 quo
691 1973 833 2011 totum
864 1971 990 2012 abest
1023 1971 1283 2023 subjectum,
1314 1968 1423 2011 nihil
1444 1966 1624 2011 difficul-

104 2027 211 2069 tatis
227 2031 311 2069 est.
371 2026 651 2081 Quamquam
686 2027 880 2076 fuerant,
910 2029 987 2081 qui
1008 2041 1063 2069 ne
1084 2028 1155 2070 hic
1183 2027 1362 2082 quidem
1393 2024 1450 2068 ab
1478 2038 1626 2068 errore

106 2085 198 2141 sibi>
211 2089 432 2132 caverent,
462 2087 512 2125 ut
540 2087 618 2139 qui
640 2083 796 2126 εἴδωλον
826 2084 1162 2139 intelligendum
1181 2085 1352 2127 censuit
1368 2084 1414 2125 in
1434 2080 1516 2126 hoc
1538 2082 1625 2125 He-

107 2142 224 2184 siodi
246 2143 370 2184 loco:
402 2142 558 2183 Αὐτίκα
579 2141 613 2181 δ’
644 2144 686 2183 ἐκ
712 2145 828 2191 ’γαίης
858 2145 1031 2184 πλάσσεν
1063 2143 1205 2183 κλυτὸς
1234 2137 1494 2194 Ἀμφιγυήεις
1511 2141 1625 2198 Παρ-

107 2198 205 2258 θένῳ
223 2199 347 2256 αἰδοίῃ
369 2198 505 2240 rnam-
536 2197 614 2241 ubi
634 2212 763 2241 nemo
784 2213 919 2241 sanus
938 2201 1058 2242 aliud
1074 2213 1207 2253 quam
1227 2200 1265 2240 τὶ
1286 2198 1473 2252 intelligi
1490 2199 1623 2240 volet.

108 2253 314 2300 Alterum
334 2270 433 2299 vero
453 2269 606 2311 genuS,
627 2258 745 2312 quod
775 2259 1004 2316 aliquanto
1030 2258 1288 2312 impeditius
1307 2260 1385 2308 est,
1413 2251 1628 2311 plurimas

106 2313 217 2357 feeit
233 2314 411 2357 fraudes
428 2314 502 2363 iis,
533 2317 607 2367 qui
629 2316 769 2357 nimio
787 2316 1012 2370 ellipsium
1031 2315 1177 2356 studio
1196 2315 1469 2356 ferebantur.
1507 2312 1625 2361 Quo-

108 2378 208 2423 rum
256 2373 435 2425 quidam
474 2383 641 2414 errores
679 2372 810 2428 plane
854 2373 1047 2428 pudendi
1083 2377 1200 2421 sunt,
1241 2375 1291 2413 ut
1333 2385 1472 2426 quum
1511 2372 1627 2412 inter

109 2429 184 2472 elli
219 2442 289 2471 ses
318 2428 615 2472 diversitatem
644 2431 990 2486 appellationum
1030 2431 1291 2477 retulerunt,
1327 2429 1385 2470 ad
1423 2428 1523 2470 ἄστυ
1561 2429 1626 2469 in-

108 2443 359 2540 tellflgentes
384 2485 571 2535 Ἀθῆναι,
603 2488 659 2529 'ad
680 2489 734 2528 τὼ
757 2486 850 2536 θεὼ,
879 2488 1099 2543 Διοσκοῦροι
1129 2488 1194 2528 vel
1213 2486 1420 2542 Δημήτηρ
1440 2486 1504 2526 καὶ
1519 2487 1626 2540 κόρη,

112 2543 170 2586 ad
189 2543 264 2585 5εά
283 2546 352 2586 vel
374 2543 534 2594 Μοῦσα,
566 2543 797 2586 Καλλιόπη.
858 2544 951 2587 Nec
981 2545 1122 2597 magis
1143 2545 1200 2586 ad
1221 2546 1397 2599 ellipses
1417 2544 1626 2598 pertinet,

109 2615 246 2656 quum
268 2601 450 2644 verbum
483 2602 747 2656 intelligitur
773 2605 876 2644 ante
895 2605 974 2644 aut
991 2606 1147 2656 postea
1165 2603 1377 2657 positum,
1407 2605 1458 2642 ut
1489 2599 1628 2643 πολλὴ

113 2663 185 2704 τῆς
214 2661 365 2715 χώρας,
394 2672 482 2712 quo
516 2659 695 2713 quidem
726 2659 989 2702 Schaeferus
1021 2672 1108 2700 non
1129 2660 1317 2701 debebat
1349 2671 1394 2713 p.
1423 2658 1519 2699 170.
1548 2659 1629 2699 hoc

111 2716 407 2772 Sophocleum
440 2717 621 2765 referre,
651 2716 818 2772 wpissaect’
852 2719 911 2759 ἐπ’
945 2718 1113 2770 ’ἔσχατον
1145 2715 1321 2772 θράσους,
1352 2716 1458 2769 quia
1486 2718 1627 2770 poetae

114 2786 204 2816 non
223 2775 306 2818 hac
330 2775 490 2822 forma,
520 2775 598 2815 sed
635 2778 791 2815 neutro
819 2788 978 2827 genere
1007 2778 1207 2823 utuntur,
1235 2777 1286 2815 ut
1316 2771 1549 2827 Euripides
1580 2771 1627 2812 in

115 2830 272 2874 Oreste
293 2845 333 2873 V.
358 2830 454 2872 441.
478 2829 543 2872 Ὠ
573 2833 724 2881 μέλεος,
757 2832 858 2876 ἥκεις
893 2831 1091 2887 ξυμφορᾶς
1121 2834 1172 2873 εὶς
1205 2833 1435 2885 τοῦσχατον.
1468 2828 1721 2873 Caete'rillss

115 2894 284 2932 errores
314 2891 360 2932 in
389 2889 593 2942 fingenda
623 2890 813 2931 nominis
834 2891 998 2945 ellipsi‚
1027 2889 1105 2943 qui
1138 2890 1334 2944 aliquam
1354 2888 1472 2942 apud
1491 2888 1629 2941 impe-

115 2948 224 2989 ritos
245 2947 639 2989 verisimilitudinis
659 2947 850 3003 speciem
870 2948 1031 2991 habere
1049 2951 1255 3005 possunt,
1276 2960 1302 2989 e
1322 2944 1630 2989 diversissimis

120 2999 316 3051 flantibus
336 3008 583 3049 manarunt.
1473 3019 1478 3022 ·
