1838 3164
656 139 720 182 IN
744 138 947 191 GRAEQA
972 138 1200 189 LINGUA.
1578 134 1652 181 191

161 247 303 291 nasmi
323 251 456 306 atque
493 250 694 308 ellipseos
713 267 808 297 esse
835 254 1197 303 similitudinem;
1227 253 1558 309 similitudinem
1585 255 1748 307 eo,l98

158 306 273 358 quod
294 308 340 361 in
361 310 840 366 pleonasmorpleraque
875 314 1094 364 contraria
1115 316 1234 362 sunt,
1255 326 1387 367 quam
1418 314 1462 356 in
1483 313 1625 368 ellipsi
1645 327 1656 363 ς

158 362 578 431 dissimilitudinem,
595 371 711 422 quod
737 383 821 412 non
852 371 1013 413 omnia.
1069 369 1249 426 Ellipsis
1278 373 1394 421 enim
1414 384 1549 425 quum
1570 385 1658 420 non

156 427 297 475 posmt
331 437 482 473 eorum
520 440 630 475 esse,
662 441 759 481 quae
790 433 945 482 sponte
973 428 1174 481 intelligi·
1194 433 1427 482 nequeant,
1457 432 1658 483 apertum

157 483 242 527 est,
263 492 373 530 esse,
403 495 497 536 quae
515 485 772 531 necessitate
791 487 976 538 quadam
992 487 1048 535 ab
1068 499 1248 528 numero
1277 487 1497 542 ellipsium
1515 487 1659 528 exclu-

155 535 338 587 dantur:
367 541 644 594 pleonasmus
674 546 833 594 autem,
869 544 984 597 quod
1017 544 1235 598 superflua
1269 557 1443 594 sensum
1474 556 1530 585 ex
1562 555 1659 585 ora-

155 593 277 637 tione
296 609 383 638 non
403 599 578 648 tollunt,
600 613 687 642 non
716 602 885 654 patitur
914 606 1003 642 tam
1042 602 1171 651 certis
1204 615 1251 643 se
1285 602 1445 644 finibus
1478 601 1659 643 circum-

157 651 302 701 scribi.
359 652 512 708 Itaque
531 659 615 699 etsi
636 661 876 711 utriusque,
897 663 940 701 et
966 659 1173 713 uellipseos
1207 663 1252 701 et
1282 659 1522 713 pleonasmi
1552 671 1659 703 usus

156 709 204 755 in
223 722 396 764 quaque
411 713 562 766 lingua
576 718 856 769 experientiae
874 720 957 764 est,
978 720 1123 766 tamen
1151 717 1258 770 quid
1279 730 1365 758 non
1387 717 1446 758 sit
1474 715 1657 770 ellipsis,

157 770 446 818 necessitate-3
477 773 583 823 quid
616 786 701 815 non
735 775 792 815 sit
829 774 1123 828 pleonasmus,
1157 787 1226 824 eo,
1255 774 1372 828 quod
1408 778 1561 828 aptum
1593 774 1658 821 in-

156 826 360 877 eptumve
381 831 464 876 est,
485 830 701 874 definitur.
760 831 824 872 Ac
853 832 1057 881 vidimus,
1090 833 1262 887 ellipsin
1293 837 1336 873 et
1367 831 1535 885 copulae
1566 843 1659 872 esse

153 885 198 923 et
217 883 418 936 subjecti,
440 899 526 928 non
546 888 680 929 etiam
715 889 957 942 praedicati,
987 890 1071 931 nisi
1093 890 1172 938 sic,
1193 894 1243 933 ut
1262 890 1356 942 ejus
1386 889 1536 941 aliqua
1554 900 1658 941 pars

156 940 403 984 omittatur.
479 942 653 991 Omitti,
678 947 796 987 enim
828 951 1024 1001 possunt,
1060 960 1156 999 quae
1190 948 1379 988 maxime
1415 945 1659 993 necessaria

154 1001 272 1049 sunt,
308 1001 415 1052 quia
448 1002 504 1042 ob
542 1003 585 1044 id
620 1004 763 1057 ipsum
794 1008 951 1058 sponte
983 1005 1314 1056 intelliguntur:
1358 1003 1476 1057 quod
1504 1006 1658 1044 contra.

155 1053 300 1097 minus
319 1061 578 1107 necessaria,
598 1061 637 1102 si
660 1061 836 1110 absunt,
875 1074 961 1103 non
998 1062 1317 1114 intelliguntur,
1347 1061 1453 1114 quia
1473 1073 1526 1101 ne
1547 1059 1660 1101 desi·

153 1110 364 1156 derantur
401 1116 594 1168 quidem.
675 1117 993 1172 Propemodum
1030 1121 1248 1160 contraria
1288 1121 1400 1159 ratio
1440 1120 1507 1158 est
1539 1117 1658 1171 pleo-

155 1171 313 1222 nasmi.
373 1170 649 1227 Quamquam
680 1176 798 1217 enim
828 1189 907 1230 per
936 1190 982 1217 se
1017 1177 1127 1218 nihil
1162 1182 1244 1226 est,
1281 1176 1399 1230 quod
1434 1175 1658 1223 abundare

155 1233 359 1279 nequeat,
394 1234 556 1283 tamen,
597 1234 802 1288 quoniam
843 1235 1121 1288 pleonasmus
1161 1237 1228 1275 est
1264 1233 1452 1286 adjectio
1489 1244 1659 1281 eorum,

154 1295 252 1335 quae
284 1298 340 1329 ne
373 1289 623 1340 cogitantur
656 1291 849 1343 quidem,
889 1294 1225 1339 consentaneum
1253 1296 1336 1338 est,
1371 1303 1472 1332 eum
1503 1290 1561 1331 ab
1591 1289 1660 1331 his

154 1342 371 1393 partibus,
401 1357 499 1397 quae
535 1348 726 1389 maxime
765 1353 866 1390 sunt
899 1350 1169 1396 necessariae,
1200 1349 1458 1402 plerumque
1492 1348 1661 1395 abesse,

153 1398 269 1450 quod
303 1401 382 1445 has
413 1408 575 1455 partes,
607 1408 656 1445 ut
689 1418 787 1457 quae
818 1406 1006 1447 maxime
1033 1407 1270 1454 emineant,
1309 1406 1458 1447 inutili·
1493 1404 1663 1445 addita-

154 1460 305 1501 mento
324 1460 495 1502 onerari
526 1473 612 1505 non
641 1463 877 1509 convenit;
906 1464 950 1503 in
972 1464 1028 1504 iis
1049 1467 1197 1504 autem
1228 1463 1428 1516 partibus
1458 1462 1662 1513 frequen-

153 1512 242 1557 tius
262 1514 467 1564 inveniri,
503 1530 600 1570 quae
631 1520 746 1571 quod
781 1520 1045 1563 secundariae
1077 1525 1196 1569 sunt,
1229 1520 1402 1561 facilius
1429 1519 1749 1567 delitescit,l99

153 1570 191 1610 si
220 1572 329 1623 quid
360 1574 491 1614 alieni
526 1576 725 1618 additum
758 1581 838 1618 est.
913 1575 1109 1629 Eamque
1138 1590 1229 1619 rem
1269 1573 1496 1618 confirmat
1525 1577 1661 1617 etiam

153 1628 278 1681 origo
311 1630 570 1683 pleonasmi.
641 1632 758 1675 Nam
785 1635 860 1687 qui
896 1647 995 1674 vere
1025 1635 1234 1675 dicendus
1267 1639 1334 1674 est
1365 1636 1657 1686 pleonasmus,

151 1685 246 1736 ejus
275 1686 362 1729 duo
392 1693 507 1736 sunt,
541 1701 620 1731 nec
658 1691 807 1743 plures
842 1704 1022 1732 numero
1051 1691 1206 1737 fontes.
1283 1689 1459 1731 Etenim
1487 1696 1565 1731 aut
1596 1691 1658 1731 lo-

152 1743 308 1794 quntio
328 1746 391 1786 sic
411 1747 549 1788 multo
569 1759 650 1788 usu
675 1749 799 1795 trita,
830 1752 880 1788 ut
899 1747 1065 1801 aliquid
1085 1749 1138 1788 de
1168 1749 1347 1801 propria
1367 1760 1446 1788 sua
1476 1748 1518 1788 vi
1548 1747 1658 1789 ami-

154 1801 277 1848 serit,
298 1802 355 1844 ad
373 1804 541 1845 alienas
560 1817 629 1845 res
661 1806 944 1852 transfertur,
979 1809 1058 1846 aut
1079 1805 1253 1851 iteratio
1280 1806 1430 1858 aliqua
1462 1805 1658 1857 ejusdem

154 1858 363 1906 notionis,
385 1861 440 1900 ad
461 1862 549 1902 vim
569 1863 782 1903 orationis
812 1863 1056 1914 augendam
1092 1863 1285 1910 inventa,
1314 1875 1407 1914 quae
1436 1874 1545 1906 eam,
1569 1862 1657 1907 vim

72 1960 77 1966 ,
153 1925 233 1963 usu
257 1918 488 1968 paullatim
506 1918 724 1973 deposuit,
764 1920 825 1960 ibi
847 1923 1094 1973 usurpatur,
1125 1921 1201 1962 ubi
1223 1920 1342 1966 nulla
1372 1920 1412 1960 vi
1444 1932 1553 1972 opus
1573 1923 1654 1962 est.

155 1969 371 2014 Neutrum
390 1976 477 2016 tale
505 1981 586 2023 est,
618 1977 733 2028 quod
762 1977 894 2018 facile
924 1978 969 2017 in
1003 1977 1202 2031 copulam
1234 1981 1311 2017 aut
1337 1977 1383 2017 in
1413 1976 1657 2029 subjectum

151 2029 303 2072 cadere
322 2033 474 2085 possit.
535 2032 748 2086 copulam
765 2035 899 2081 enim,
922 2038 971 2074 ut
990 2047 1087 2086 quae
1126 2035 1170 2076 in
1201 2034 1320 2075 omni
1347 2034 1656 2076 enunciatione

152 2090 398 2130 necessasia
417 2094 497 2137 est,
518 2095 562 2131 et
583 2091 639 2131 ob
669 2092 998 2144 simplicitatem
1028 2092 1235 2139 notionis,
1266 2095 1310 2133 et
1340 2091 1455 2144 quod
1485 2103 1657 2145 semper

150 2144 305 2186 eadem
324 2151 409 2193 est,
441 2148 696 2201 pleonasmo
729 2144 877 2190 carere
911 2149 1044 2190 decet.
1105 2148 1360 2201 Subjectum
1390 2152 1536 2190 autem
1556 2161 1655 2201 per-

146 2212 252 2247 ,ram
271 2204 430 2256 recipit
457 2206 771 2258 pleonasmum,
794 2206 900 2258 quia
918 2219 1013 2246 cum
1034 2211 1200 2247 certum
1231 2219 1282 2246 ac
1314 2206 1539 2251 definitum
1561 2218 1656 2258 esse

151 2258 324 2311 debeat,
343 2261 438 2302 fere
454 2267 500 2303 et
534 2264 825 2304 intensionem
843 2263 1109 2314 significatus
1138 2267 1183 2304 et
1214 2264 1564 2309 imminutionem
1595 2264 1653 2304 ab

155 2327 203 2357 se
235 2323 448 2372 segregat.
507 2319 656 2367 Quare
674 2321 815 2361 solum
846 2321 1046 2361 relictum
1074 2325 1142 2362 est
1163 2321 1462 2374 praedicatum,
1494 2321 1538 2365 in
1566 2332 1656 2372 quo

153 2375 458 2417 constituendo
504 2378 712 2419 facillime
752 2378 1032 2431 pleonasmus
1061 2379 1335 2420 admittatur.
1412 2376 1464 2423 In
1497 2378 1659 2431 copula

150 2431 331 2481 quidem
355 2446 506 2475 vereor
535 2440 585 2476 ut
617 2436 730 2476 ullus
748 2436 934 2476 inveniri
962 2436 1241 2489 pleonasmus
1271 2438 1441 2487 queat.>
1477 2432 1528 2475 In
1557 2435 1658 2476 sub·

148 2486 287 2538 jecto,
302 2493 354 2531 ut
372 2490 482 2538 dixi,
502 2504 627 2532 rarus
645 2496 726 2533 est.
786 2491 1095 2544 Pei-vulgatum
1110 2493 1236 2540 illud,
1266 2495 1298 2533 οἳ
1318 2491 1417 2545 ἀμφὶ
1436 2490 1653 2539 Πλάτωνα,

150 2556 236 2597 pro
252 2547 348 2588 solo
367 2545 550 2590 Platone
578 2550 759 2596 dictum,
781 2550 976 2590 cadentis
1012 2554 1079 2591 est
1105 2551 1281 2603 linguae,
1315 2551 1527 2590 usitatum
1557 2547 1655 2591 Plu-

153 2603 306 2644 tarcho
342 2608 386 2645 et
422 2606 721 2648 consimilibus
755 2607 1058 2660 scriptoribus,
1099 2621 1187 2648 non
1220 2605 1559 2659 antiquioribus,
1604 2611 1655 2648 ut

152 2657 411 2714 Thucydidi,
443 2661 632 2711 Platoni,
667 2663 962 2717 Xenophonti,
997 2664 1174 2711 nedum,
1206 2665 1322 2716 quod
1387 2664 1532 2705 uidam
1562 2664 1654 2717 opi-

154 2718 248 2758 nati
269 2722 387 2767 sunt,
409 2718 619 2761 Homero.
678 2719 735 2762 Et
754 2722 853 2774 quis
874 2734 961 2763 non
980 2722 1159 2769 sentiat,
1196 2722 1310 2763 hunc
1338 2678 1651 2775 pkonasmum,

148 2786 282 2828 quem
302 2777 483 2828 quidam
504 2779 639 2819 etiam
663 2779 707 2819 in
730 2782 849 2832 parte
881 2779 1112 2832 elegantiae
1133 2779 1394 2825 habuerunt,
1426 2779 1548 2822 valde
1577 2779 1652 2822 ab·
1662 2782 1748 2829 200

147 2833 334 2881 surdum
363 2837 493 2875 esset
551 2834 834 2876 Commodam
873 2849 972 2877 vero
1003 2837 1328 2878 excusationem
1363 2838 1400 2878 is
1434 2836 1565 2877 habet
1607 2837 1653 2877 in

152 2889 346 2942 subjecto
385 2893 681 2946 pleonasmus,
719 2907 808 2947 quo
846 2894 1094 2948 pronomini
1145 2901 1304 2948 praeter
1352 2894 1655 2937 necessitatem

154 2946 326 2992 additur
343 2951 492 2992 rada-65:
524 2949 632 3000 Ἐγῶ
651 2950 688 3002 ὃ(
718 2950 881 2999 ἐμαυτὸν
915 2952 1042 2994 aar&
1077 2954 1147 2996 τῆς
1181 2954 1310 3005 τύχης
1349 2953 1463 2999 νέμω.
1521 2949 1654 2995 Initio
