1838 3164
155 138 237 183 188
682 153 879 189 ELLIPSIS
899 153 1135 189 NOMINUM.

152 267 335 313 quarum
369 266 448 311 ope
478 252 594 297 muri
622 255 983 298 conscenduntur.-
1012 267 1143 310 quam
1164 253 1360 311 ellipsin,
1387 252 1436 297 in
1455 255 1669 327 exemplo

149 314 344 368 quodam
375 327 430 355 ex
458 314 596 355 veteri
627 318 805 355 auctore
834 315 1022 368 prolato,
1054 315 1150 386 ipse
1179 315 1383 368 supplet:
1416 311 1470 353 τοὶ
1499 312 1561 354 ἐπὶ
1591 317 1666 356 τῶν

151 377 294 426 τειχῶν
313 371 610 426 μηχανήματα.
671 370 780 412 Item
802 373 849 412 in
866 373 1180 427 πολιορκητηςια.
1240 370 1371 412 Plene
1399 370 1531 412 habet
1550 368 1667 412 Ono-

151 430 314 471 sander
333 442 429 484 cap.
451 429 548 470 xlii.
578 442 611 470 s.
634 429 676 470 3.
705 428 876 470 Πολλῶν
903 428 941 470 δὲ
971 429 1034 469 καὶ
1068 431 1246 470 ποικίλων
1279 428 1392 470 ’όντων
1422 430 1667 481 μηχανημά-

151 503 226 528 των
261 487 599 542 πολιορκπτηρίων.
630 486 844 527 SonwEn.
901 486 1122 528 Diodorus
1158 486 1242 528 Sic.
1273 500 1346 528 xx.
1376 498 1471 539 cap.
1502 483 1574 526 48.
1603 485 1668 527 καὶ

152 561 231 585 τοις
250 545 532 597 μηχανήμασιν
546 546 675 599 ἑτέρας
699 543 888 596 μηχανάς
906 545 1222 586 ἀντιταττόντων.
1265 544 1514 585 subaudias
1532 543 1668 585 etiam

150 600 314 656 ὄργανον.
389 600 510 643 Idem
547 603 654 642 xvii.
684 614 777 653 cap.
814 600 882 641 44.
921 599 1117 657 ἄχρηστον
1157 602 1227 645 τὴν
1267 606 1340 643 τῶν
1380 602 1542 657 ὀργάνων
1579 602 1667 649 βίαν

152 661 311 700 ἐποίουν.
347 659 446 700 add.
481 672 577 712 cap.
617 657 689 699 85.
721 657 843 699 Theo
875 657 1109 713 Progymn.
1141 672 1187 713 p.
1222 658 1284 702 19.
1317 659 1371 700 ed
1408 658 1561 700 Heins.
1592 662 1668 700 τῶν

153 718 314 770 ὀργάνων
353 716 424 759 τὴν
464 718 621 758 ποίησιν.
683 715 902 757 Diodorus
944 715 1030 758 Sic.
1063 715 1212 770 Eclog.
1244 721 1276 758 t.
1310 717 1354 757 ii.
1386 730 1431 771 p.
1460 714 1563 765 497,
1593 715 1666 759 30.

150 772 293 827 ’όρογανα
326 774 612 828 πολιορκητικοί.
691 772 800 814 Ibid.
847 787 890 827 Ρ.
924 773 1025 823 507,
1072 773 1141 815 72.
1219 775 1453 829 πετροβόλον
1499 772 1664 829 ’(ἳξγανον.
1702 780 1707 783 “

155 830 295 885 [Alibi
336 832 451 872 dixit
485 832 720 884 πετροβόλος
753 831 997 882 masculino
1033 845 1207 885 genere.
1269 831 1371 872 Vid.
1396 832 1442 872 ii.
1475 844 1572 885 cap.
1595 831 1667 872 27.

151 902 224 930 xx.
247 902 341 943 cap.
362 889 435 935 48,
456 886 527 935 49,
550 887 620 927 84.
653 889 753 929 add.
776 887 922 939 Eclog
959 894 990 930 t.
1016 890 1063 931 ii.
1096 887 1258 944 p.490‚
1291 889 1362 931 50.
1422 889 1672 930 Subaudias

151 949 416 988 καταπέλτης.
477 944 610 986 Plene
630 946 733 987 ibid.
765 960 807 1000 Ρ.
828 944 930 994 498,
953 946 1019 988 83.
1053 952 1309 987 καταπελτῶν
1331 946 1522 995 ὀξυβελῶν
1544 962 1586 986 τε
1606 945 1671 986 καὶ

150 1005 410 1073 πετροβόλων.
442 1003 517 1043 lib.
553 1004 658 1044 xvii.
690 1018 725 1045 c.
768 1002 839 1044 45.
871 1004 1165 1050 scribendum,
1197 1005 1242 1044 ni
1273 1004 1423 1044 fallor:
1463 1003 1672 1046 ἐπιστήσας

150 1061 207 1101 έτι
228 1058 315 1102 τοὺς
333 1062 591 1115 πετροβόλους
618 1063 886 1102 καταπέλτας.
917 1062 991 1102 ubi
1014 1074 1091 1103 nec
1113 1059 1424 1102 Rhodomanni
1444 1073 1524 1101 nec
1542 1058 1670 1102 Wes-

150 1118 326 1170 selingii
348 1118 655 1171 interpretatio
677 1121 868 1171 vulgatae
889 1119 1089 1160 lectionis
1105 1119 1213 1160 satis
1232 1119 1388 1174 placet.
1452 1115 1672 1172 Compara

151 1188 222 1215 XX.
254 1190 291 1217 c.
314 1174 381 1216 45.
416 1176 624 1217 ἐπιστήσας
653 1175 739 1217 τοὺς
765 1178 1025 1231 πετροβόλους
1055 1195 1089 1217 κ.
1113 1193 1151 1217 τ.
1173 1186 1211 1217 λ.
1273 1174 1392 1216 Idem
1414 1188 1570 1216 nomen
1591 1176 1670 1217 Sic-

150 1233 226 1273 ubi
246 1233 459 1274 feminino
480 1247 636 1286 genere
655 1236 841 1288 legatur,
865 1235 1051 1275 subaudi
1075 1234 1254 1288 μηχανή.
1317 1233 1390 1274 Sic
1411 1234 1538 1287 plene
1555 1233 1672 1274 idem

149 1287 297 1343 Eclog.
320 1296 353 1332 t.
370 1291 419 1331 ii.
443 1304 488 1344 p.
509 1290 611 1338 491,
634 1291 700 1333 81.
734 1291 794 1332 δια
820 1296 1011 1344 μηχανῶν
1031 1293 1287 1347 πετροβόλων.
1331 1290 1586 1332 EustathiuS
1615 1291 1672 1332 ad

152 1345 305 1400 OdySS.
327 1361 370 1402 p.
395 1347 518 1395 1711,
555 1322 622 1391 58.
648 1349 767 1404 (474,
795 1349 879 1404 14.)
916 1349 975 1390 διαὶ
995 1366 1089 1391 τινος
1107 1351 1346 1444 πετροβόλου
1377 1349 1578 1404 τεραστίας
1593 1365 1672 1396 μη-

149 1405 314 1460 χανῆς.]
346 1405 547 1448 SCHAEF.

425 1486 452 1514 ἠὲ
482 1486 748 1538 ΜΙΣΘΟΣ,
780 1488 1104 1537 ΜΙΣΘΩΜΑ,
1137 1487 1397 1530 MERCES.

210 1559 257 1602 Si
278 1574 382 1602 vera
411 1566 526 1604 esset
556 1564 810 1616 conjectura
844 1561 1027 1604 Henrici
1059 1562 1275 1617 Stephani
1308 1564 1363 1604 ad
1384 1561 1673 1603 Anacreontis

153 1617 237 1659 Od.
260 1618 331 1659 28.
365 1620 411 1660 in
441 1621 575 1661 verbo
610 1623 770 1673 ἀπέχειν
804 1621 977 1662 deesset
1018 1619 1168 1670 μισθόν.
1242 1619 1350 1668 Quae
1385 1621 1555 1676 ellipsis
1587 1633 1675 1661 non

151 1677 260 1717 adeo
290 1677 398 1719 dura
416 1682 499 1725 est,
530 1691 661 1730 quam
689 1679 827 1720 Pauw
849 1679 1089 1726 existimat,
1122 1680 1155 1719 si
1175 1678 1382 1719 δεικτικῶς
1412 1679 1671 1731 explicetur.

151 1733 352 1788 [Legitur
370 1736 415 1776 in
436 1734 713 1777 Anacreonte
734 1739 891 1790 ἀπέχει,
923 1737 1037 1789 quod
1058 1740 1236 1777 vertunt
1254 1741 1322 1777 sat
1354 1742 1427 1777 est.
1459 1735 1547 1776 vid.
1579 1734 1674 1776 Fis-

150 1793 392 1847 cherump.
420 1792 512 1834 110.
533 1806 583 1847 sq
589 1793 916 1836 .Mazochius'
905 1808 950 1835 m
978 1793 1136 1835 Tabul.
1158 1792 1335 1835 Heracl.
1366 1806 1411 1847 p.
1429 1792 1529 1834 215.
1563 1791 1674 1848 (12.)

151 1848 346 1891 “Marci
366 1851 455 1891 xiv.
489 1808 583 1892 41.q
589 1851 732 1906 Ἀπέχ
734 1866 774 1892 ει·
808 1850 928 1896 ἦλθεν
962 1852 986 1895 ἦ
1008 1852 1057 1907 ὥς
1061 1865 1108 1892 a:
1143 1852 1256 1904 quod
1287 1849 1505 1904 vulgatus
1533 1848 1673 1892 Inter-

151 1920 274 1962 pres.
322 1906 513 1964 Sufficzt:
549 1907 665 1950 venit
696 1909 814 1951 liora.
875 1907 959 1950 Cui
996 1910 1287 1963 adstipulatur
1325 1907 1587 1962 Hesychius,
1626 1908 1672 1949 in

151 1977 238 2016 quo
266 1966 442 2018 paullo
453 1970 578 2006 extra
608 1967 836 2020 alphabeti
868 1968 1026 2008 seriem
1055 1968 1241 2019 legitur:
1276 1964 1462 2019 Ἀπέχει·
1495 1967 1671 2021 ἀπόχρη,

153 2020 315 2076 ἐξαρκει.
376 2023 468 2063 Alii
489 2025 676 2070 malunt,
709 2023 867 2072 Habet,
899 2026 1034 2078 (quod
1055 2025 1194 2066 nihilo
1215 2025 1360 2064 minus
1379 2024 1673 2078 impersonale

152 2082 236 2130 est)
255 2080 333 2120 alii
354 2078 538 2128 Amodo,
575 2093 663 2120 seu
668 2079 703 2120 J
705 2095 776 2121 am
796 2094 922 2122 nunc.
955 2081 1049 2123 Nec
1078 2083 1260 2123 alterius
1279 2082 1586 2134 significantiae
1605 2084 1674 2123 est

151 2135 442 2178 Anacreontis
461 2138 568 2178 illud
589 2136 671 2178 Od.
691 2137 762 2179 28.
784 2140 878 2191 qui,
901 2139 996 2179 visa
1018 2140 1288 2180 mulierculae
1307 2140 1487 2193 depicta
1511 2138 1672 2189 effigie,

152 2195 430 2242 exclamavit,
456 2194 561 2235 'Am'
547 2208 643 2247 ε·χει
661 2198 797 2242 βλέπω
814 2195 888 2251 Ιγοὶρ
909 2195 1045 2239 αὐτήν.
1089 2195 1233 2238 Habet
1251 2196 1349 2249 (aut
1369 2195 1485 2237 Satis
1501 2194 1674 2249 habet),-

152 2258 259 2293 σοντι)
292 2250 483 2294 ecczllam
519 2252 674 2294 video?
665 2253 689 2269 ''
736 2252 938 2294 SCHAEF.
943 2245 984 2307 ]“
1040 2252 1199 2293 Μισθος
1236 2253 1587 2294 subaudiendum
1626 2253 1672 2293 in

154 2308 362 2357 Δέκαμνος
382 2310 501 2364 apud
521 2309 744 2364 Aristoph.
780 2310 890 2351 Pace
916 2308 1039 2351 1234.
1072 2311 1164 2351 vid.
1201 2309 1432 2351 Scholiast.
1467 2309 1673 2364 [Secutus

152 2370 217 2407 est
238 2365 490 2415 Leisnerus‚
522 2381 609 2408 non
630 2372 823 2409 veterem
846 2367 1158 2414 Scholiastam,
1193 2368 1268 2408 sed
1291 2367 1501 2409 Bisetum
1535 2366 1671 2410 Male.

152 2423 464 2479 Alistophanis
483 2426 632 2473 verba,
654 2426 771 2466 ’ἔπειτ’
790 2425 851 2466 ἐπὶ
871 2425 1042 2481 δεκάμνῳ
1059 2442 1167 2478 χεσει
1189 2424 1427 2474 καθήμενος
1448 2428 1565 2466 lecte
1579 2438 1675 2466 ver-

152 2484 307 2523 tuntur
338 2483 383 2523 in
416 2482 610 2523 editione
641 2482 907 2524 Burmanni:
941 2496 1098 2538 ergone
1123 2496 1249 2538 super
1266 2495 1364 2524 vase
1379 2481 1518 2524 decem
1536 2480 1675 2524 mina-

151 2552 247 2581 rum
278 2539 424 2582 sedens
466 2539 664 2582 cacabis?
704 2541 1046 2594 Intelligendum
1097 2541 1215 2582 enim
1266 2540 1468 2588 δεκαμνουν
1504 2539 1675 2594 θώρακος

153 2599 281 2649 κύτος,
309 2598 361 2638 de
390 2611 478 2650 quo
507 2612 546 2639 v
584 2597 707 2639 1224.
770 2597 985 2639 P1aeterea
1005 2598 1186 2647 δέκαμνος
1205 2599 1328 2646 illud,
1350 2597 1468 2650 quod
1497 2595 1674 2638 Leisne-

152 2667 228 2695 rus
270 2657 643 2707 commemoravit,
694 2669 782 2697 non
834 2656 976 2708 magis
1025 2669 1161 2710 quam
1214 2655 1409 2704 δέκαμνον,
1454 2655 1571 2708 quod
1620 2667 1676 2695 ΘΧ

154 2710 294 2753 Biseti
326 2711 673 2761 Commentario,
715 2718 765 2754 ut
803 2714 990 2764 videtur,
1030 2714 1251 2761 haustum,
1282 2713 1477 2754 trivialia
1513 2710 1675 2754 Lexica

154 2770 333 2821 habent,
375 2769 575 2812 Graecum
610 2775 688 2813 est.
751 2769 896 2813 Graeci
940 2772 1058 2812 enim
1097 2772 1249 2812 dicunt
1293 2770 1513 2818 δεκάμνους.
1574 2768 1675 2810 Vid.

153 2801 416 2869 Valcke'nar.
460 2828 668 2870 Adnotat.
715 2829 760 2869 in
809 2827 1028 2869 Adoniaz.
1074 2827 1290 2870 Theociit.
1332 2841 1435 2881 pag.
1475 2825 1577 2868 314.
1621 2825 1673 2867 B.

154 2883 377 2941 ScHAEF.]
437 2886 717 2928 Vocabulum
753 2885 998 2935 μισθώματα
1038 2890 1186 2928 autem
1216 2885 1364 2927 omitti
1403 2885 1515 2926 solet
1547 2885 1595 2925 in
1623 2884 1676 2924 τοὶ

151 2943 347 3013 ἐπίχειρα,
404 2943 735 3002 manupretium.
818 2943 1137 3001 Aristophanes
1185 2942 1316 3001 Vesp.
1361 2941 1458 2985 579.
1512 2940 1674 2985 LmsN.
