1838 3164
144 132 223 175 136
493 138 815 179 PLEONASMI
844 139 1092 179 PLURIUM
1118 139 1326 180 VOCUM.

143 251 357 299 ridentur,
388 255 466 294 aut
486 252 790 307 vituperantur
809 254 892 300 illi,
923 253 981 294 ad
1011 265 1121 305 quos
1148 256 1370 304 venerant,
1400 253 1517 307 quod
1547 254 1659 297 nihil

143 309 426 363 profecerunt
446 323 584 362 neque
619 312 675 351 ad
706 312 816 353 alios
839 311 962 352 abire
981 314 1220 365 potuerunt
1249 312 1420 352 consilii
1459 314 1534 353 aut
1562 313 1662 367 opis

144 367 344 421 petendae
376 380 525 415 causa,
574 371 708 422 atque
751 370 831 410 hoc
869 382 1006 409 unum
1040 369 1254 410 commodi
1285 370 1584 422 obtinuerunt,
1613 373 1664 413 ut

145 425 233 465 sibi
267 424 446 466 domum
485 426 627 467 redire
676 427 837 468 liceret.
898 424 1090 467 Facilius
1136 428 1228 468 haec
1267 427 1421 468 sentiri
1459 431 1663 482 possunt,

144 495 277 534 quam
298 483 524 536 explicari.
585 484 656 524 Ad
675 489 908 536 utrumque
928 488 1077 525 autem
1103 484 1336 526 consilium
1364 485 1511 526 facere
1530 497 1662 540 posse

145 540 475 581 multitudinem
494 541 742 589 verborum,
765 542 899 583 etiam
926 542 1206 584 mediocriter
1237 542 1533 596 intelligentes
1566 556 1663 586 sen-

145 599 279 639 tiunt.
338 597 408 638 Ad
429 598 726 640 definitionem
746 600 790 640 in
815 598 931 651 Isag.
963 599 1003 654 ξ.
1032 599 1074 640 3.
1094 601 1371 655 propositam
1391 601 1529 641 lector
1560 601 1662 649 ista,

146 656 186 696 si
207 654 446 703 videbitur,
477 670 623 711 perse
643 657 816 698 referet.
879 656 966 697 Sed
985 660 1134 698 tamen
1155 659 1192 699 si
1211 671 1288 713 per
1307 658 1345 712 ξ.
1380 657 1422 699 8.
1456 655 1663 712 Isagoges

145 712 248 754 licet
269 712 391 767 (nam
410 711 608 767 integras
629 715 870 756 sententias
892 715 992 755 aliis
1013 715 1213 770 reliqui,)
1247 716 1339 757 haec
1359 715 1488 756 addo.
1550 714 1664 758 Cum

147 771 256 812 satis
274 774 399 822 esset,
424 769 594 813 domum
612 771 828 814 redierunt
849 771 971 825 (nam
992 770 1136 813 abitus
1152 774 1246 826 jam
1268 774 1380 814 inest
1399 775 1448 815 in
1466 772 1630 829 reditu)
1650 788 1666 816 .·

146 841 356 882 expressa
375 833 564 882 utraque
586 831 784 878 notione,
820 835 864 872 et
885 829 1073 872 abeundi
1087 833 1132 871 et
1149 829 1372 878 redeundi,
1401 830 1566 872 factum
1597 834 1666 872 est

145 886 374 938 aliquanto
405 887 677 942 ἐναργέστερον.
738 887 824 929 Sed
859 889 1000 941 magis
1033 889 1418 929 animadvertenda
1446 891 1550 930 sunt
1574 889 1667 939 illa,

143 943 259 985 unde
276 950 514 992 venerant‚·
545 957 643 996 quae
663 946 902 1000 plurimum
934 950 1011 987 aut
1029 946 1193 1000 leporis
1225 946 1390 987 habent
1422 946 1480 987 ad
1498 942 1669 987 irrisio-

146 1015 264 1050 nem,
296 1005 373 1042 aut
405 1002 637 1054 gravitatis
677 1004 733 1044 ad
765 1004 1206 1045 commiserationem.
1270 1001 1377 1045 Haec
1415 1016 1520 1056 ergo
1548 1007 1666 1056 sunt,

146 1072 245 1111 quae
267 1058 479 1100 accedunt
497 1060 552 1100 ad
575 1062 842 1103 sententiam
864 1074 943 1116 pro
963 1065 1095 1118 captu
1109 1062 1313 1116 populari
1332 1062 1529 1116 plenam,
1552 1062 1667 1103 sicut

144 1116 194 1157 in
228 1114 413 1169 isagoge
447 1117 761 1160 demonstravi.
822 1118 980 1172 Neque
1015 1133 1118 1161 vero
1149 1118 1304 1162 Cicero
1335 1119 1560 1173 putandus
1599 1121 1669 1161 est

146 1175 263 1215 serio
292 1175 626 1228 reprehendisse
670 1175 888 1225 Hirtium,
935 1178 1054 1231 quod
1090 1178 1197 1219 ibid.
1241 1180 1394 1219 narrat
1428 1175 1667 1224 Quintilia-

146 1245 241 1273 nus.
302 1230 414 1273 Cum
434 1234 552 1274 enim
574 1235 621 1275 in
642 1235 960 1277 declamatione
981 1236 1183 1283 dixisset,
1207 1233 1361 1289 filium
1389 1249 1417 1276 a
1434 1240 1571 1276 matre
1599 1234 1669 1277 de-

146 1303 235 1331 cem
271 1288 484 1332 mensibus
517 1289 566 1332 in
594 1297 714 1334 utero
744 1291 883 1335 latum
912 1306 1026 1341 care,-
1073 1291 1241 1343 Cicero,
1274 1291 1428 1339 Quid?
1457 1290 1570 1340 alm,
1602 1294 1670 1334 in-

145 1349 260 1399 quit,
283 1347 331 1389 in
346 1347 508 1403 penula
526 1348 660 1391 solent
678 1350 831 1407 ferre?
889 1350 1074 1392 Jocatus
1093 1355 1267 1391 tantum
1289 1363 1384 1391 esse
1405 1350 1595 1397 videtur,
1617 1354 1668 1391 ut

147 1406 258 1446 scita
284 1407 456 1446 ratione
477 1408 768 1460 experiretur,
802 1421 904 1448 num
926 1409 1036 1449 satis
1057 1421 1104 1449 se
1125 1408 1362 1448 defendere
1392 1407 1524 1448 sciret
1561 1405 1667 1448 Hir-

147 1463 254 1503 tius.
312 1461 423 1503 Eum
443 1469 595 1504 contra
615 1465 746 1506 istam
763 1466 1087 1507 cavillationem
1109 1465 1353 1506 defendunt
1369 1465 1648 1518 interpretes.

204 1519 308 1568 Sed,
340 1521 457 1572 quod
476 1522 616 1575 magis
638 1523 692 1562 ad
715 1536 794 1564 nos
813 1523 1020 1576 pertinet,
1048 1523 1270 1576 vituperat
1302 1520 1531 1564 Platonem
1561 1521 1670 1563 Dio-

146 1578 296 1630 nysius
319 1576 451 1620 Halic
470 1579 515 1619 in
537 1592 603 1633 ep.
639 1581 693 1621 ad
712 1579 987 1635 Pompeium,
1024 1582 1107 1621 vol.
1133 1581 1180 1621 ii.
1213 1593 1257 1632 p.
1302 1579 1396 1626 127.
1427 1579 1561 1632 quod,
1592 1578 1669 1621 ubi

145 1634 377 1677 sententias
393 1642 583 1691 oporteat
601 1635 650 1678 in
663 1651 809 1693 pauca
829 1637 952 1679 verba
976 1636 1090 1693 cogi,
1121 1636 1170 1679 in
1186 1635 1458 1679 circuitiones
1474 1635 1670 1693 effunda-

147 1699 218 1734 tur
249 1691 439 1741 inscitas,
462 1700 503 1735 et
523 1693 690 1749 copiam
719 1694 940 1737 verborum
957 1694 1130 1736 inanem
1161 1699 1365 1736 ostentet.-
1397 1695 1609 1750 συστρέψαι
1630 1693 1668 1737 δὲ

146 1749 223 1791 δέον
253 1752 288 1791 ἐν
325 1751 466 1799 ὀλίγοις
501 1752 690 1800 ὀνόμασιν,
727 1754 905 1806 ἐκχεῖται
939 1752 1014 1806 (sc.
1043 1754 1068 1796 ἡ
1099 1751 1340 1795 Πλατωνικὴ
1369 1751 1585 1808 διάλεκτος)
1617 1754 1669 1795 εἰς

145 1809 418 1864 ἀπειροκάλους
432 1810 681 1864 περιφράσεις,
705 1816 871 1852 πλοῦτον
888 1811 1081 1859 ὀνομάτων
1103 1810 1382 1859 ἐπιδεικνυμένη
1401 1810 1512 1850 κενόν.
1574 1809 1673 1852 Hoc

142 1866 360 1920 judicium
381 1866 435 1907 de
461 1867 582 1908 inani
602 1868 731 1922 copia
751 1870 939 1922 probare
965 1870 1066 1922 quis
1085 1873 1248 1922 potest,
1279 1867 1409 1909 modo
1431 1879 1486 1908 ne
1506 1867 1671 1910 intelli-

146 1929 224 1977 gat
244 1925 378 1965 verba
413 1924 524 1965 nihil
559 1927 870 1979 significantia,
901 1927 976 1967 sed
996 1927 1146 1980 paullo
1175 1926 1437 1981 copiosiora,
1472 1938 1602 1978 quam
1622 1926 1675 1980 in*

147 1982 346 2023 oratione
381 1982 635 2037 philosophi
663 1988 708 2025 et
732 1985 925 2025 maxime
962 1985 1008 2026 in
1039 1984 1217 2038 dialogo
1236 1984 1410 2038 probes,
1439 1983 1672 2037 magisque

150 2039 398 2093 spectantia
418 2041 475 2080 ad
496 2039 686 2090 inanem,
707 2042 751 2082 id
771 2046 852 2094 est,
882 2042 1089 2084 leviorem
1105 2042 1384 2096 eloquentiae,
1411 2053 1543 2094 quam
1565 2041 1672 2084 ube-

148 2099 308 2139 riorem
349 2099 581 2152 sapientiae
615 2099 802 2140 laudem.
884 2098 1031 2141 Multo
1072 2104 1221 2142 autem
1262 2101 1407 2140 minus
1438 2099 1672 2141 verborum

147 2156 278 2210 copia
300 2156 345 2196 in
366 2155 455 2196 illis
476 2158 766 2211 scriptoribus
787 2158 1076 2212 improbanda
1103 2162 1187 2206 est,
1217 2159 1294 2211 qui
1323 2157 1565 2198 maximam
1585 2157 1672 2199 sibi

147 2214 322 2254 laudem
342 2226 397 2254 ex
421 2214 589 2255 artibus
610 2215 784 2256 dicendi
805 2219 1088 2271 pepererunt.
1150 2214 1266 2257 Nam
1285 2215 1370 2256 etsi
1402 2227 1490 2256 non
1520 2227 1673 2256 omnes

150 2274 229 2312 aut
267 2272 429 2324 ubique
467 2272 736 2325 ponderibus
767 2274 999 2315 verborum
1036 2278 1237 2320 utuntur,
1266 2277 1414 2314 tamen
1450 2270 1558 2314 nihil
1597 2285 1672 2328 po-

150 2332 279 2378 nunt,
310 2329 357 2369 in
378 2342 467 2381 quo
489 2343 577 2371 non
609 2332 667 2371 sit
702 2331 872 2384 aliquid
910 2333 1137 2373 momenti.
1200 2327 1298 2372 Hoc
1327 2330 1441 2371 idem
1471 2331 1590 2371 valet
1619 2330 1673 2372 de

152 2387 405 2435 sententiis,
443 2400 539 2439 quae
565 2402 678 2442 saepe
708 2389 825 2430 leves
846 2394 949 2431 sunt
969 2391 1015 2430 in
1045 2389 1251 2445 speciem,
1291 2388 1364 2429 sed
1381 2388 1540 2430 ceteris
1561 2388 1672 2430 mul·-

151 2446 246 2484 tum
289 2447 499 2486 momenti
539 2446 743 2488 afferunt.
805 2445 925 2489 Talis
964 2451 1031 2488 est
1070 2460 1143 2502 ap.
1185 2445 1530 2488 Demosthenem
1568 2444 1608 2486 εἴ
1634 2462 1680 2499 τι,

153 2504 322 2549 *γένοιτοτ
356 2506 406 2543 ut
442 2502 544 2544 Cor.
564 2518 598 2545 c.
631 2503 701 2545 53.
745 2501 873 2548 ’Ἵ-Ῑκεν
895 2506 932 2557 (ό
950 2504 1165 2560 Φίλιππος)
1198 2504 1301 2559 ἔχων
1318 2504 1389 2547 τὴν
1408 2502 1579 2552 δύναμιν,
1609 2503 1675 2544 καὶ

155 2557 227 2600 τῆν
245 2557 453 2602 Ἐλάτειαν
490 2564 722 2615 κατέλαβεν,
751 2564 800 2602 ὡς
834 2562 908 2604 οὐδ’
931 2562 991 2612 ἂν,
1028 2563 1064 2603 εἶ’
1098 2579 1135 2603 τι
1169 2580 1231 2611 ry„
1266 2563 1323 2603 ’ἐτι
1366 2562 1674 2610 συμπνευσόντων

157 2617 262 2663 ὑμῶν
294 2616 357 2656 καὶ
389 2622 463 2659 τῶν
499 2617 705 2668 Θηβαίων.
788 2618 991 2663 Occurrit
1028 2624 1071 2662 et
1099 2635 1138 2663 c.
1180 2619 1357 2675 Leptin.
1391 2632 1436 2673 p.
1479 2618 1572 2659 116.
1603 2618 1670 2661 ed.

149 2671 316 2715 Wolfii.
379 2681 409 2699 “
442 2674 591 2718 Dubia
610 2678 759 2725 sane‚'’
791 2679 937 2732 inquit
969 2679 1146 2732 Taylor,
1179 2685 1209 2703 “
1243 2676 1504 2720 sententia.”
1534 2675 1606 2717 Sic
1625 2680 1673 2721 et

153 2731 256 2772 aliis
297 2733 448 2773 multis
489 2734 627 2776 videri
663 2736 833 2784 debuit,
883 2741 933 2778 ut
973 2737 1193 2778 versiones
1224 2736 1396 2778 docent.
1475 2733 1563 2775 Sed
1598 2732 1670 2774 εἴτι

153 2793 221 2830 est
257 2788 501 2846 quidquid:
533 2796 576 2833 et
610 2797 705 2834 tota
740 2795 959 2835 sententia
994 2796 1277 2848 negationem
1317 2793 1427 2834 facit
1466 2792 1670 2844 gravissi-

150 2859 298 2888 mam:
330 2846 544 2903 quidquid
581 2850 783 2900 evenerit,
817 2853 910 2894 sive
938 2865 1190 2908 quoecunque
1230 2846 1542 2908 opportunitaS,
1574 2846 1671 2905 qui-

149 2916 311 2965 cunque
340 2918 461 2954 casus
498 2907 827 2956 reconciliandae
871 2905 1073 2957 omicitz'ae
1103 2909 1230 2955 datus
1262 2906 1423 2968 fuerit,
1454 2905 1579 2966 quasi
1616 2919 1672 2968 ‚⁷2⁶5
