1838 3164
188 140 266 186 132
547 146 866 190 P-LEONASMI
895 145 1389 201 CONJUNCTIONUM.

193 260 299 301 τοῦτ’
321 259 417 301 αὐτὸ
437 261 660 312 ὑπολαβὼν,
683 262 804 320 ὀρθῶς
835 264 1035 311 ὑπολάβοι.
1095 262 1218 305 Adde
1236 263 1322 305 vol.
1337 264 1369 304 i.
1392 275 1434 317 p.
1462 260 1557 316 199.
1619 259 1711 311 Ηρ-

192 329 292 358 rum
327 319 538 362 nonnulla
557 320 694 363 etiain
714 335 775 364 eo⁴
798 322 951 363 favent
970 319 1151 363 Pol-soni
1190 321 1437 369 sententiae,
1456 318 1712 374 quod‚,si‚‹2v

192 386 283 416 non
302 379 416 419 crasi
436 379 698 432 productum
717 381 946 426 statuitur,
983 379 1281 434 intempestivi
1316 380 1484 433 passim
1512 378 1715 427 oriuntur

195 430 457 484 hexametri,
494 436 718 478 dimidiati
739 441 872 485 certe,
903 449 1015 488 quos
1050 435 1248 478 Platonis
1270 449 1399 478 aures
1418 449 1501 478 usu
1532 434 1713 477 eruditae

191 492 555 563 respuissent,1ut
575 496 650 537 vii.
668 494 738 536 70.
756 492 938 550 (ἄτοπον)
956 495 1064 542 μέντ’
1085 493 1145 544 ἂν,
1163 495 1253 548 ἔφη,
1275 493 1332 538 εἴη
1353 492 1498 536 ἄλλους
1512 489 1714 548 αἱρεῖσθαι,

194 546 273 597 εἶγε
294 553 379 592 etc.

249 603 331 649 Vis
350 608 597 652 affirmandi
620 610 878 664 gravissima
910 609 1140 651 conficitur
1173 621 1229 651 ex
1262 609 1336 659 iis,
1371 622 1469 663 quae
1493 619 1628 664 supra
1656 606 1712 648 de

190 662 380 717 singulis
410 668 602 722 exposui.
683 666 775 708 Μὲν
805 670 873 709 est
899 679 1009 715 vere,
1043 670 1088 709 et
1114 666 1303 709 affirmat
1340 666 1639 721 simpliciter:¹
1657 680 1713 715 <roa

190 719 265 762 hic
281 726 351 765 est
369 726 687 779 acquiescentis
707 726 830 778 quasi
861 725 908 766 in
935 738 981 765 re
1008 724 1144 777 justis
1165 725 1302 766 etiam
1319 723 1589 779 argumentis
1609 734 1710 778 pro-

191 777 325 822 bata:
359 779 402 823 ἂν
422 783 610 838 denique
646 784 861 837 majorem
882 780 973 823 vim
993 782 1058 824 illi
1088 782 1158 831 μὲν
1186 782 1327 833 addit,
1349 788 1394 826 et
1425 782 1560 833 istud,
1595 779 1713 835 quod

192 835 372 889 dicitur,
393 841 624 884 verissime
644 841 733 884 dici
748 840 988 895 significat.

916 930 1010 972 ΩΣ.

260 1002 298 1044 1.
323 1003 450 1048 Sicut
467 1007 523 1048 ’ότι
543 1011 845 1050 constructum
863 1020 965 1049 cum
986 1020 1078 1050 acc.
1101 1010 1146 1049 et
1166 1007 1248 1048 inf.
1262 1007 1420 1049 nititur
1431 1004 1720 1059 intelligendo

195 1064 455 1115 pronomine
479 1070 610 1114 τοῦτο,
630 1066 695 1108 ita
714 1068 764 1107 ὡς
789 1066 944 1107 eodem
963 1066 1093 1107 modo
1125 1066 1322 1119 positum
1341 1064 1558 1106 rationem
1584 1063 1719 1105 habet

197 1118 246 1159 in
262 1121 426 1163 omisso
445 1125 490 1163 et
507 1124 773 1176 cogitatione
802 1123 1005 1166 addendo
1034 1123 1167 1164 οὕτως.
1227 1120 1426 1178 Xenoph.
1456 1119 1559 1176 Cyri
1593 1119 1716 1163 Disc.

198 1175 230 1216 i·
252 1174 295 1225 6,
315 1175 384 1219 25.
418 1179 557 1229 Λέγεις
576 1179 620 1222 σὺ
641 1212 651 1221 .
677 1212 686 1222 .
712 1213 721 1222 .
745 1183 794 1222 ὡς
811 1181 875 1222 καὶ
901 1182 1172 1236 καρτερώτερον
1203 1179 1274 1222 δεῖν
1293 1179 1389 1236 πρὸς
1407 1180 1536 1221 πάντα
1564 1178 1627 1220 τὸν
1649 1177 1717 1234 ἄξ-

197 1250 327 1286 χοντοι
354 1240 429 1278 τῶν
459 1241 681 1293 ἀρχομένων
712 1241 867 1287 μᾶλλον
892 1236 1016 1280 abac?
1074 1236 1125 1279 In
1150 1237 1235 1286 his,
1271 1239 1310 1280 Si
1342 1241 1458 1279 recte
1490 1236 1600 1278 illud
1630 1239 1718 1278 Sta-

196 1292 376 1342 tuimus,
393 1296 613 1348 particula
632 1298 695 1346 ὡς,
715 1309 812 1348 quae
846 1309 1002 1338 vacare
1022 1296 1208 1346 videtur,
1242 1296 1299 1340 ad
1320 1294 1587 1337 sententiam
1608 1293 1720 1336 inte-

196 1361 326 1401 gram
347 1353 607 1406 amplificari
641 1357 790 1407 potest
823 1354 937 1395 hunc
967 1354 1013 1394 in
1034 1353 1235 1393 modum:
1269 1354 1404 1400 οὕτως,
1436 1354 1485 1393 ὣς
1513 1349 1556 1392 ἂν
1577 1353 1717 1400 λέγεις,

198 1405 283 1460 (καὶ
302 1425 415 1462 καρτ.
436 1408 508 1450 δεῖν
527 1411 635 1465 etc.)
694 1410 768 1452 Sic
789 1411 836 1451 in
854 1412 973 1457 aliis,
1008 1414 1058 1451 ut
1092 1409 1284 1464 Palaeph.
1307 1410 1342 1450 l.
1387 1406 1594 1463 Ἐκύρηξεν
1614 1407 1672 1449 οὖν
1700 1411 1718 1448 ὃ

190 1462 338 1515 Ἰξίων,
360 1467 410 1506 ὡς
432 1497 441 1507 .
466 1497 476 1507 .
503 1497 512 1506 .
535 1466 676 1515 δώσειν,
694 1481 775 1520 pro
796 1467 930 1515 οὕτως,
953 1469 1017 1516 ὡς,
1038 1466 1151 1507 αὐτὸν
1171 1498 1180 1507 .
1204 1497 1214 1507 .
1234 1499 1243 1508 .
1262 1466 1412 1507 δώσεινῖ
1445 1464 1509 1507 ‘lta
1522 1477 1716 1521 pronun-

202 1519 485 1619 tiariK‘ussz'ss
508 1529 558 1565 ut
588 1523 665 1565 lzoc
686 1523 824 1571 habet,
846 1538 910 1566 se.
926 1554 936 1565 .
957 1551 968 1563 .
984 1553 995 1564 .
1022 1523 1223 1565 daturum
1237 1536 1336 1566 esse.

253 1577 296 1620 2.
355 1579 558 1633 djectivis
578 1585 622 1622 et
641 1582 861 1623 adverbiis
877 1583 1094 1634 insignem
1115 1582 1205 1621 vim
1226 1580 1578 1635 significantibus
1597 1584 1715 1636 post-

196 1636 395 1689 positum
414 1640 464 1679 ὡς
482 1640 768 1680 tractavimus
787 1639 868 1679 sub
890 1639 970 1679 ὅσος
990 1637 1108 1679 Sect.
1130 1638 1169 1678 3.
1673 1637 1677 1640 ”

255 1691 342 1734 Sed
362 1695 452 1736 alia
471 1697 644 1737 ratione
663 1696 899 1736 adhibetur
918 1700 1022 1737 ante
1042 1696 1282 1749 positivum
1306 1694 1520 1742 adverbii,
1551 1695 1715 1737 verius-

197 1761 284 1803 que
304 1751 530 1794 abundare
549 1753 736 1794 videtur.
796 1752 923 1794 Dem.
958 1754 1012 1794 de
1047 1752 1149 1793 Cor.
1184 1766 1220 1794 c.
1253 1751 1323 1794 26.
1370 1751 1466 1793 Ἐάν
1496 1753 1522 1808 ᾗ
1557 1754 1619 1792 νέα
1653 1753 1718 1794 καὶ

195 1809 369 1864 ’γνώριμα
395 1812 494 1850 πᾶσι
515 1810 567 1851 τοὶ
585 1812 826 1866 πράγματα,
857 1811 928 1864 (ea
962 1824 1062 1863 quae
1083 1811 1183 1864 quis
1215 1810 1261 1851 in
1294 1810 1474 1852 civitate
1505 1810 1719 1866 instituit)

196 1866 261 1907 ἐάν
291 1882 334 1907 τε
364 1871 494 1909 καλῶς
524 1869 623 1923 ἐ’χῃ,
665 1870 827 1923 χάριτος
857 1870 1057 1921 τυγχάνεν
1093 1866 1195 1909 ἄνθ’
1238 1870 1286 1908 ὡς
1321 1869 1470 1922 ἑτέρως,
1513 1869 1713 1922 τιμωρίας.

198 1921 416 1966 Geminus
445 1929 511 1967 est
542 1925 710 1979 Polybii
741 1928 860 1968 locus
888 1939 959 1968 xv.
990 1926 1050 1968 lO.
1082 1926 1159 1966 ubi
1190 1929 1425 1980 postquam
1454 1924 1622 1965 dietum
1650 1931 1718 1968 est

198 1980 254 2022 de
275 1995 354 2036 spe
374 1983 515 2024 futuri
537 1997 778 2032 successus,
800 1985 890 2026 haec
919 1987 1158 2038 sequuntur
1176 1996 1184 2022 :
1217 1981 1312 2024 Ἐὰν
1332 1982 1366 2022 δ’
1396 1985 1445 2023 ὡς
1466 1980 1598 2030 ἄλλως
1619 1983 1718 2039 ἐκβῇ

196 2038 251 2079 ταὶ
272 2039 375 2082 κατὰ
391 2039 454 2081 τὸν
476 2041 635 2082 κίνδυνον
657 2045 737 2083 etc.
798 2040 848 2083 In
872 2042 940 2083 his
977 2046 1022 2083 et
1052 2042 1216 2082 talibus
1238 2042 1286 2080 ὡς
1307 2044 1374 2082 est
1399 2052 1575 2095 prorsus
1587 2054 1604 2087 ;
1634 2041 1716 2081 ἑτέ-

198 2110 271 2150 ρως
301 2101 451 2139 autem
479 2102 524 2140 et
557 2097 686 2140 ἄλλως
723 2112 800 2153 per
833 2099 1039 2154 euphem.
1072 2096 1320 2162 infeliciter.
1401 2097 1475 2139 Sic
1505 2099 1553 2138 ὡς
1591 2101 1719 2150 σαφῶς

198 2150 404 2210 Xenoph.
439 2154 576 2198 Conv.
613 2157 706 2198 viii.
730 2156 770 2197 5.
791 2170 967 2213 prorsus
994 2155 1240 2213 mamfesto.
1303 2155 1431 2197 Plato
1454 2155 1499 2197 in
1537 2152 1717 2196 Menex.

199 2212 284 2252 vol.
303 2225 344 2255 v.
368 2223 412 2266 p'.
434 2213 534 2256 293.
564 2214 607 2254 ’ἐκ
629 2231 669 2254 τε
691 2216 764 2269 ’γὰρ
785 2219 852 2256 τοῦ
873 2214 1078 2269 Πειραιέως
1099 2213 1162 2254 καῖ
1183 2217 1250 2255 τοῦ
1290 2211 1435 2254 ἄστεως
1465 2215 1513 2253 ὡς
1547 2214 1718 2259 ἀσμένως

199 2268 267 2309 καῖ
292 2272 434 2312 οἰκείως
467 2271 656 2315 ἀλλήλοις
684 2270 882 2322 συνέμιξαν
915 2274 946 2312 οἷ
975 2274 1161 2312 ’ωολῖταιῑ
1214 2284 1316 2312 nam
1337 2285 1390 2312 ex·
1407 2268 1574 2311 Piraeeo
1594 2275 1635 2311 et
1664 2283 1719 2311 8oe

196 2325 302 2369 urbe
327 2341 500 2384 prorsus
535 2327 731 2371 benevole
760 2335 800 2371 et
822 2327 1112 2387 familiariter
1138 2327 1250 2370 inter
1278 2341 1322 2369 se
1342 2326 1487 2382 (bello)
1517 2325 1718 2380 conflioee-

197 2391 313 2427 runt.
373 2384 493 2427 Idem
516 2387 622 2428 alibi
647 2400 762 2441 saepe
795 2388 844 2427 ὡς
871 2385 1047 2434 άληθῶς,
1071 2387 1101 2427 i.
1126 2388 1163 2427 e'.
1188 2383 1415 2427 verissime.
1475 2383 1549 2425 Sic
1568 2389 1613 2426 et
1633 2383 1734 2426 La-·

198 2443 285 2483 tini
315 2456 476 2500 quam.-
505 2447 556 2484 ut
589 2443 764 2485 Terent.
805 2443 942 2486 Andr.
979 2445 1009 2484 i.
1046 2444 1084 2491 1,
1123 2442 1216 2484 109.
1251 2455 1379 2498 quam
1406 2439 1713 2500 familiariter.

199 2497 316 2542 Aliis
339 2502 552 2555 exemplis
574 2501 688 2543 hunc
708 2503 1012 2555 pleonasmum
1034 2502 1226 2543 illustrat
1245 2499 1426 2554 Bergler
1446 2501 1501 2542 ad
1521 2498 1736 2555 Alciphr.

200 2556 231 2597 i.
252 2556 324 2598 30.
356 2562 402 2600 et
421 2557 611 2612 Vigerus
631 2559 685 2600 de
709 2557 838 2601 Idiot.
863 2559 941 2601 Gr.
958 2560 1001 2600 d.
1021 2559 1114 2599 viii.
1141 2557 1208 2606 10,
1230 2557 1272 2599 9.
1333 2558 1379 2599 Si
1401 2562 1480 2613 per
1498 2557 1712 2599 exclama-

197 2614 367 2655 tionem
382 2616 493 2657 talia
511 2617 696 2670 proferri
718 2622 911 2671 possent,
931 2617 1177 2672 pleonasmi
1200 2629 1355 2658 nomen
1375 2620 1490 2657 esset
1508 2615 1718 2665 alienum.

199 2669 271 2712 Ita
300 2685 458 2725 neque,
488 2674 567 2714 ubi
589 2676 638 2716 ὡς
672 2676 939 2729 superlativo
960 2675 1243 2730 praepositum
1264 2679 1347 2724 est,
1382 2674 1436 2715 de
1463 2674 1716 2729 pleonasmo

200 2729 301 2783 quis
316 2732 545 2783 cogitabit.

255 2787 299 2829 3.
351 2787 640 2840 Aliquantum
678 2790 951 2832 difficultatis
997 2791 1163 2845 praebet
1202 2790 1265 2838 035,
1317 2788 1522 2842 adjuncta
1563 2787 1715 2828 statim

197 2845 416 2900 particula
436 2846 507 2886 ὅτι.
570 2845 807 2888 Nonnullis
836 2848 883 2900 in
902 2849 1011 2889 locis
1031 2850 1127 2902 ejus
1155 2861 1285 2889 usum
1314 2846 1371 2886 ad
1400 2845 1715 2898 negligentiam

198 2916 287 2944 non
309 2904 530 2956 ingratam
552 2904 717 2945 referre
753 2910 1014 2959 possumus,
1038 2906 1114 2947 ubi
1145 2918 1302 2959 nempe
1336 2903 1392 2943 ὅτι
1425 2903 1607 2957 ponitur
1635 2916 1718 2957 pro

197 2963 247 3002 ὡς
267 2961 385 3016 quod
405 2961 546 3016 repeti
567 2961 770 3013 debebat,
793 2967 843 3005 ut
860 2961 1059 3019 Xenoph.
1081 2961 1197 3006 Hist.
1223 2961 1300 3004 Gr.
1322 2962 1380 3004 vi.
1401 2959 1446 3011 4,
1466 2959 1537 3003 37.
1592 2958 1660 3002 -Οἷ
1678 2959 1717 3000 δέ
