1838 3164
480 115 810 160 PLBONASMI
832 116 1324 163 GONJUNCTIONUM.
1583 114 1662 162 127

147 233 254 278 mn,
283 241 420 288 neque
455 243 542 274 esse
572 231 764 276 absolute
788 229 997 291 positum.
1059 231 1147 274 Sed
1186 234 1279 276 haec
1318 235 1536 277 sententia
1564 240 1662 278 tum

145 287 319 332 demum
352 289 439 332 erit
467 303 581 346 mea,
619 301 720 336 cum
751 303 780 333 a
811 291 919 334 viris
950 290 1093 333 doctis
1121 302 1216 333 eam
1250 293 1429 347 probari
1460 291 1662 336 intellex-

147 357 234 388 ero.
383 378 394 381 ⁷
434 372 438 374 >
461 368 466 369 ⁷
494 364 497 365 ⁷
530 358 557 363 ·’

202 403 249 445 4.
278 402 332 447 In
351 404 427 447 οῑός
445 420 487 447 τε
507 410 553 449 et
581 407 640 458 ἐφ’
660 406 734 463 ᾧτε
765 407 833 448 vis
862 407 940 448 illa
970 406 1203 461 ‘copulandi
1235 406 1282 449 in
1301 407 1505 462 adjuncta
1524 410 1661 463 parti-

146 461 244 504 cula
262 463 422 505 clarior
438 468 522 514 est,
551 465 660 518 quia
683 465 796 506 verti
828 467 975 519 potest
1005 462 1125 512 item,
1154 463 1336 521 pariter,
1367 464 1514 508 eliam.
1574 466 1662 510 Sed

146 519 371 574 singulare
389 526 472 570 est,
503 521 620 577 quod
638 522 687 563 in
716 522 785 564 his
817 522 1007 577 simplici
1034 523 1195 578 copula
1223 540 1266 563 τε
1293 524 1370 565 illa
1388 534 1458 566 res
1481 523 1662 581 pariter,

144 574 258 619 sicut
269 577 374 628 alia,
403 580 494 621 fieri
513 589 644 635 posse
662 584 741 622 aut
759 580 920 622 debere
947 580 1122 633 dicitur,
1151 592 1248 634 quae
1267 584 1414 623 tamen
1435 594 1524 624 una
1541 593 1663 623 max·

83 662 91 674 «.
143 634 542 689 ὶωὲοίςῃίίὶιὲαῐῑιτ.
601 637 687 680 Pro
719 651 818 680 mea
846 639 1056 693 opinione
1088 648 1158 680 res
1187 642 1336 694 potest
1361 641 1425 682 sic
1444 640 1660 695 expediri.

143 689 196 733 In
215 694 397 748 antiqua
415 692 572 738 Ionum
592 696 782 738 dialecto
801 696 976 738 videtur
1005 712 1048 737 τε
1079 697 1193 738 hanc
1211 697 1302 738 vim
1321 698 1580 746 obtinuisse,
1610 702 1663 740 ut

142 755 238 790 rem
258 752 440 806 majoris
461 755 672 796 momenti
689 754 954 809 quibusdam
981 755 1030 795 in
1062 754 1218 796 formis
1248 757 1438 797 notaret.
1498 751 1664 797 Proba·

145 806 234 848 bile
254 808 336 852 hoc
365 810 414 851 fit
444 824 499 852 ex
520 813 680 861 ἐπείτε,
711 812 829 866 quod
863 810 1113 854 Herodotus
1144 825 1224 866 pro
1256 812 1384 856 ἐπειδὴ
1418 814 1662 869 saepissime

142 865 334 908 adhibet.
395 866 497 910 Vid.
527 882 627 923 quae
656 870 738 911 sub
758 869 808 914 δὴ
825 870 1035 912 diximus.
1096 869 1213 912 Nam
1246 871 1440 912 notabile
1471 870 1660 920 sactum,

143 934 200 963 ex
218 935 308 977 quo
328 925 448 968 aliud
483 928 591 981 quid
611 932 808 970 secutum
827 941 922 970 esse
942 929 1020 970 alii
1039 928 1268 983 praemissa
1287 929 1508 983 particula
1531 928 1662 972 ἐπειδὴ

144 986 342 1031 narrant,
374 985 451 1025 ille
469 990 784 1028 commemorat
813 986 906 1028 fere
939 986 1166 1041 praemisso
1196 991 1251 1042 τῷ
1283 987 1424 1027 ἐπείτε.
1483 984 1661 1041 Hooge-

144 1045 252 1080 veen
291 1040 340 1083 in
379 1041 510 1084 doctr.
546 1042 723 1099 par-tice.
771 1056 906 1086 unum
940 1043 1242 1085 tantummodo
1277 1045 1375 1098 ejiis
1409 1045 1661 1100 exemplum

143 1093 278 1138 habet
306 1096 566 1152 (secundum
606 1102 827 1156 epitomen
862 1106 980 1144 certe
1011 1101 1245 1157 Schfflzii),
1286 1102 1414 1155 quasi
1447 1115 1549 1144 raro
1579 1106 1662 1144 aut

143 1164 363 1208 nusquam
398 1158 506 1199 alibi
543 1164 758 1210 occurrat,
792 1172 951 1214 nempe
988 1160 1045 1200 vi.
1086 1159 1158 1201 84.
1205 1161 1252 1201 in
1287 1172 1376 1213 quo
1411 1161 1663 1202 encliticam

143 1212 260 1253 male
295 1214 626 1270 interpretatur.
696 1216 763 1258 En
792 1217 875 1260 tibi
910 1218 1008 1259 loca
1033 1221 1104 1259 sat
1140 1217 1295 1270 multa,
1323 1218 1352 1258 i.
1381 1217 1451 1259 27.
1480 1217 1554 1260 35.
1586 1216 1659 1260 70.

145 1267 215 1310 74.
248 1271 315 1312 iii.
339 1270 381 1313 7.
416 1274 476 1314 ix.
504 1273 570 1314 12.
594 1273 664 1316 22.
685 1273 757 1316 26.
780 1273 851 1317 93.
911 1275 1015 1317 Alia
1034 1287 1167 1328 quam
1187 1275 1380 1329 plurima
1398 1280 1553 1318 notare
1570 1288 1661 1318 non

140 1328 303 1369 miravi.
363 1327 430 1370 Ex
462 1331 543 1371 hac
573 1332 710 1384 igitur
738 1333 910 1374 ratione
939 1350 982 1373 τε
1012 1333 1060 1373 in
1089 1333 1246 1373 formis
1273 1331 1394 1373 οΐὸστε
1420 1337 1464 1375 et
1498 1335 1555 1386 ἐφ’
1587 1334 1660 1389 ᾧτε

140 1397 229 1427 non
245 1385 377 1427 modo
397 1399 485 1428 non
507 1389 698 1430 otiosum
717 1394 803 1438 est,
834 1391 909 1432 sed
937 1391 1177 1431 maximam
1199 1391 1290 1431 vim
1312 1390 1461 1440 habet,
1494 1394 1546 1432 ut
1565 1404 1661 1433 ver—

141 1440 211 1483 bis
233 1448 391 1500 preter
416 1443 508 1487 alia
541 1450 619 1488 aut
653 1445 784 1490 etiam
812 1447 880 1489 vel
909 1445 1097 1489 mmm
1126 1447 1435 1501 similibusque
1467 1449 1661 1503 exprimi

139 1502 295 1555 possit.

199 1557 245 1599 5.
277 1557 366 1600 Sed
387 1561 627 1603 notandum
654 1560 700 1602 τὸ
719 1562 792 1603 οἷός
810 1579 854 1603 τε
873 1575 1045 1617 semper
1069 1574 1171 1604 cum
1191 1562 1412 1604 infinitivo
1431 1564 1628 1606 construi
1646 1577 1660 1614 ;

143 1615 409 1658 infinitivum
442 1622 607 1666 autem,
644 1619 782 1660 etiam
816 1620 910 1660 sine
937 1620 1010 1661 οἶός
1033 1637 1092 1668 τε,
1122 1620 1349 1662 notionem
1380 1626 1449 1662 τοῦ
1478 1619 1661 1663 δύνασθαι

141 1674 311 1727 passim
342 1674 503 1717 habere
531 1676 787 1725 involutam,
817 1683 868 1718 ut
891 1675 1094 1731 Xenoph.
1129 1675 1239 1732 Exp-
1275 1676 1378 1730 Cyri
1405 1679 1481 1720 vii.
1505 1678 1552 1728 4,
1590 1679 1658 1722 12.

142 1731 241 1771 ὥστε
274 1728 506 1781 ἆπολέσὲαι,
539 1739 589 1775 ut
612 1732 755 1790 perire
777 1733 927 1791 possit.
961 1733 1095 1776 Mem.
1115 1735 1184 1776 iii.
1222 1734 1290 1783 13,
1309 1735 1353 1777 3.
1382 1736 1478 1777 ὥστε
1498 1739 1662 1778 λούσασ-

142 1785 229 1837 θαι,
258 1795 310 1831 ut
339 1788 479 1831 lavari
504 1790 602 1846 quis
628 1790 783 1848 possit.
843 1790 999 1834 Monui
1034 1793 1081 1834 in
1112 1792 1255 1834 indice
1283 1793 1380 1834 sub.
1401 1806 1442 1835 v.
1466 1792 1662 1848 Infiniti-

139 1858 233 1888 υαε.
292 1845 396 1888 Jam
413 1849 532 1901 quod
553 1851 713 1904 saepius
731 1850 778 1891 fit
797 1853 899 1904 post
917 1850 1182 1904 particulam
1208 1850 1304 1891 ὥστε
1325 1855 1371 1891 et
1395 1852 1486 1893 alia
1505 1853 1657 1903 verba,

139 1905 187 1946 id
216 1917 321 1946 usus
350 1906 474 1955 tulit,
504 1912 555 1948 ut
582 1911 834 1949 constanter
863 1908 1083 1949 obtineret
1115 1911 1216 1963 post
1245 1907 1382 1957 οῖόστ-ε,
1417 1913 1468 1951 ut
1497 1922 1657 1966 nempe

139 1962 387 2005 infinitivus
415 1965 482 2005 vel
512 1965 689 2006 additus
715 1966 783 2006 vel
814 1966 1122 2018 intelligendus
1155 1967 1494 2019 restringeretur
1522 1969 1578 2009 ad
1610 1969 1656 2010 τὸ

141 2019 310 2062 δυνατόν.
371 2019 596 2074 Loquendi
625 2023 740 2064 ratio
769 2027 837 2064 est
869 2024 1093 2078 elliptica:
1136 2022 1254 2077 quod
1282 2030 1333 2066 ut
1361 2025 1654 2080 intelligatur,

138 2079 276 2120 verba
306 2076 614 2133 Xenophontis
648 2079 785 2121 Mem.
814 2081 861 2122 ii.
895 2080 939 2129 3,
971 2080 1043 2123 37.
1077 2081 1160 2122 huc
1190 2084 1543 2125 accommodabo.
1603 2083 1654 2126 Si

140 2138 241 2190 quis
261 2136 383 2188 dicit,
401 2136 476 2178 οἷός
492 2139 530 2178 τ’
560 2135 599 2178 εἴ
623 2140 906 2187 συλλαμβάνειν
934 2156 1014 2191 μοι,
1041 2139 1239 2193 pleniore
1267 2140 1468 2182 oratione
1489 2141 1570 2184 hoc
1588 2142 1655 2184 ita

137 2198 286 2248 potest
303 2195 526 2236 enuntiari
546 2209 557 2235 :
589 2200 755 2238 τοιοῦτος
779 2194 828 2245 εἷ,
857 2196 934 2237 οἷὸς
953 2214 995 2237 τε
1017 2198 1299 2246 συλλαμβάνειν
1320 2215 1387 2246 μοι
1402 2197 1624 2256 (δύνασθαι)
1637 2214 1652 2242 z

138 2258 188 2294 tu
208 2267 252 2294 es
272 2250 387 2300 talis,
421 2258 473 2294 ut
500 2266 567 2295 me
592 2252 724 2295 etiam
744 2252 953 2309 adjuvare
964 2253 1105 2311 possis
1120 2269 1137 2302 ,-
1165 2256 1255 2296 sive
1273 2260 1323 2296 ut
1342 2269 1462 2312 opem
1487 2269 1656 2314 quoque

135 2308 249 2352 mihi
269 2308 393 2367 ferre
423 2310 581 2367 possis.
661 2311 832 2352 Addam
863 2311 1084 2353 AEschinis
1124 2312 1241 2354 Socr.
1278 2313 1422 2355 locum
1460 2314 1567 2357 dial.
1599 2316 1652 2357 ii.

140 2365 276 2420 (Plat.
296 2369 381 2409 vol.
402 2369 465 2410 xi.
496 2382 539 2424 p.
561 2367 685 2425 372.)
707 2366 800 2424 'Ap’
833 2367 893 2411 οὖν
916 2401 925 2410 .
950 2401 961 2410 .
983 2400 993 2409 .
1015 2369 1161 2411 δύναιτο
1191 2372 1332 2412 ἀκούειν
1361 2372 1404 2411 ἐκ
1433 2376 1501 2414 τοῦ
1517 2373 1579 2421 μὴ
1599 2372 1653 2414 οῗ-

139 2428 251 2466 ούτεε
294 2424 365 2466 An
399 2424 594 2480 igitur..
613 2426 803 2483 ..possit
840 2426 1006 2475 audire,
1041 2427 1120 2482 qui
1151 2433 1249 2469 ante
1269 2426 1436 2485 fuisset
1464 2430 1654 2473 surdus?

140 2479 235 2524 Hoc
261 2486 461 2538 exemplo
491 2483 689 2538 Hoogev.
725 2484 846 2526 et¹ad
862 2484 1016 2538 Vigeri
1045 2485 1208 2526 librum
1237 2491 1282 2527 et
1312 2487 1359 2528 in
1389 2486 1527 2529 doctr.
1547 2500 1651 2543 par-

133 2540 237 2582 ticc.
268 2541 349 2582 sub
369 2558 412 2581 τε
431 2542 589 2594 utitur,
618 2555 706 2587 non
735 2543 867 2597 plane
896 2543 1114 2597 explicata
1143 2544 1241 2596 ejus
1269 2545 1454 2586 ratione.
1514 2544 1652 2589 Plena

137 2599 359 2640 sententia
378 2603 474 2640 est:
497 2597 590 2655 'Ap’
611 2598 670 2641 οὖν
703 2630 712 2639 .
738 2631 750 2642 .
774 2630 784 2639 .
817 2600 852 2641 δ.
872 2603 911 2651 α’,
944 2603 986 2640 ἐκ
1015 2603 1182 2641 τοιούτου
1203 2599 1418 2657 ἀνθρώπου,
1447 2601 1568 2644 οῖούτε
1588 2604 1649 2653 μὴ

137 2658 311 2698 ἀκούεινῖ
340 2668 443 2698 nam
463 2660 508 2699 et
526 2658 788 2711 genitivus*
820 2671 920 2701 cum
949 2658 1165 2701 infinitivo
1185 2660 1381 2715 ponitur,
1412 2662 1495 2702 etsi
1515 2663 1648 2705 usita-

181 2789 203 2811 *
226 2790 391 2822 Gesnerus
414 2789 448 2822 in
471 2789 721 2822 Chrestomath.
746 2790 861 2823 Graeca
927 2791 1097 2830 censebat,
1118 2790 1222 2822 edidit
1236 2791 1295 2833 οὔχ
1318 2792 1346 2827 3¹5
1371 2792 1406 2827 ὣς
1427 2796 1460 2830 β.
1478 2799 1542 2826 etc.
1585 2795 1649 2826 Sed

138 2831 172 2864 in
193 2833 335 2865 dubium
371 2834 515 2865 vocabat
542 2843 656 2865 casum
684 2833 861 2875 obliquum
928 2834 1090 2877 opposuit
1114 2835 1146 2866 ei
1173 2834 1351 2868 Fischerus
1384 2837 1456 2868 haec
1494 2837 1529 2868 in
1563 2836 1650 2869 piat.

138 2876 266 2908 relativi
302 2885 365 2918 pro
394 2877 621 2909 nominativo:
659 2876 799 2918 ideoque
826 2877 861 2909 in
928 2879 1042 2910 Phaed.
1059 2878 1089 2916 ὑ.
1108 2881 1156 2910 13.
1189 2879 1278 2909 Τοῦφα
1303 2877 1325 2910 δ’
1350 2879 1440 2918 &pods
1461 2881 1537 2912 ica-n
1561 2880 1587 2922 ᾆ
1606 2882 1652 2912 νῦν

135 2919 310 2961 Theophr.
323 2920 425 2952 Char.
443 2923 493 2952 18.
516 2931 576 2962 pro
592 2921 650 2961 οὐχ
670 2920 693 2961 ᾧ
713 2921 862 2957 bizum
929 2920 961 2955 δὴ
976 2921 1111 2962 ἐλέφαντος
1125 2927 1204 2954 nam
1216 2928 1331 2964 aperte
1343 2923 1474 2955 dativus
1487 2924 1512 2965 ᾧ
1520 2924 1651 2966 positus

137 2961 305 3005 ἔργάσεφαι,
325 2965 417 3007 quod
439 2964 661 2998 Casaubonus
684 2965 862 3006 legendum
927 2970 980 2998 est
994 2975 1057 3009 pro
1072 2965 1282 3001 nominativo
1296 2966 1324 3007 ἒ,
1346 2966 1419 3001 sive
1432 2977 1492 3010 pro
1505 2968 1651 3012 pleniori
