1838 3164
196 113 254 157 52
587 110 906 157 PLEONASMI
935 113 1327 158 PRONOMINUM.

196 226 306 272 illud
337 227 556 272 infinitum
594 228 653 271 τῖς
685 233 769 272 aut
793 230 847 281 τὶ,
879 242 967 283 quo
994 229 1231 285 phantasia
1251 241 1343 271 rem
1362 239 1492 281 quam
1525 226 1719 270 maxime

197 299 362 342 augere
393 288 547 343 possit.
606 285 753 330 Facile
783 287 852 329 his
881 287 1088 342 deinceps
1122 292 1396 329 accesserunt
1429 286 1610 327 nomina
1630 285 1718 326 ὃπό-

201 362 281 394 σος,
307 347 492 394 πηλίκος,
514 344 744 395 θαυμάσιος,
767 344 875 386 δεινὸς
905 347 951 385 et
982 346 1162 393 similia,
1194 346 1238 386 in
1269 344 1431 398 quibus
1458 345 1605 398 potest
1623 355 1719 384 esse

199 403 442 458 emphasis,
472 406 524 445 ut
541 401 628 444 οἶος.
660 401 795 445 Hom.
828 401 955 444 Iliad.
975 401 1026 444 E.
1057 401 1152 444 638.
1185 401 1256 443 οῖόν
1277 419 1359 442 τινα
1380 400 1471 455 φασὶ
1490 398 1720 455 ssim‘Hpa-

197 461 373 510 κληείην,
405 465 575 526 quantae
593 458 787 509 virtutis,
819 471 946 516 quam
983 458 1235 503 admirabili
1271 458 1417 501 robore
1454 455 1645 514 corporis
1682 462 1723 498 et

198 516 343 560 animi
378 517 530 561 dicunt
569 521 652 561 etc.
675 518 800 578 &sed
841 517 975 558 etiam
1016 517 1308 559 substantivis
1348 516 1407 558 τῖς
1433 517 1638 559 additur:
1670 517 1722 555 ut

201 575 337 632 Soph.
368 576 443 631 Aj.
472 575 575 619 308.
603 573 666 617 σὺν
696 577 814 629 τάχει
845 575 939 616 vavi:
971 578 1016 616 et
1038 574 1152 617 Plat.
1183 574 1294 617 Crit.
1315 575 1402 615 vol.
1424 574 1466 621 i„
1492 587 1539 629 p.
1568 570 1663 614 101.
1686 571 1722 612 ἐν

199 639 318 690 καιρῷ
336 649 420 676 τινι.
481 633 589 676 Post
606 637 652 674 et
670 634 772 675 aliis
790 632 935 674 verbis
957 632 1130 685 insigne
1149 633 1269 688 quid,
1305 645 1392 673 non
1420 632 1555 673 finitae
1575 633 1724 672 autem

200 691 541 745 magnitudinis,
573 690 923 744 significantibus
963 689 1074 737 illud
1104 690 1260 732 addere
1292 693 1537 745 coeperunt,
1570 693 1624 744 τῷ
1656 703 1726 727 κα-

202 748 290 798 λὸς,
316 747 494 805 αἲσχρὸς,
526 747 635 802 σοφός
673 754 719 791 et
751 749 988 790 similibus,
1048 745 1263 790 Herodot.
1292 749 1349 790 iv.
1386 747 1481 789 198.
1514 746 1654 788 Δοκέει
1686 743 1726 784 δέ

203 823 271 855 μοι
290 805 368 847 οὐδ’
387 807 525 862 ἀρετὴν
545 804 638 847 εἶναι’
657 823 715 847 τις
733 807 758 849 ἦ
776 805 906 853 Λιβύη
927 804 1112 849 σπουδαίη
1131 819 1141 846 2
1183 804 1365 847 Videtur
1385 811 1531 847 autem
1546 800 1655 846 milti
1672 814 1727 843 ne

193 861 432 921 fertilitate
471 862 646 920 quidem
681 862 910 905 admodum
948 860 1142 918 insignis
1187 876 1273 904 esse
1310 861 1468 918 Lybia.
1544 861 1728 903 Theocr.

205 918 332 976 Idyll.
354 921 432 963 vii.
449 934 489 963 v.
510 920 583 963 37.
615 934 652 962 s.
685 921 787 970 κῆμὲ
816 922 966 968 λέγοντι
1000 920 1157 965 Πάντες
1186 920 1304 961 ἀοιδὸν
1325 919 1482 976 ἄριστον·
1517 918 1591 968 ἐγὼ
1612 917 1651 958 δέ
1671 933 1730 958 τις

205 982 251 1021 οὔ
288 977 558 1032 ταχυπειὲἢς,
604 984 648 1020 et
676 992 743 1019 me
773 977 924 1021 dicunt
955 992 1098 1021 omnes
1125 983 1337 1020 cantorem
1372 975 1579 1034 optimum
1603 989 1617 1016 .·
1650 987 1728 1030 ego

205 1049 303 1078 vero
322 1048 406 1079 von
423 1035 548 1078 valde
567 1034 762 1077 credulus
788 1049 896 1078 sum.
958 1036 1135 1078 Callim.
1170 1035 1228 1078 H.
1267 1037 1311 1077 in
1345 1034 1489 1090 Apoll.
1511 1033 1553 1076 4.
1583 1033 1654 1077 ἡδύ
1674 1049 1730 1081 τι,

206 1092 409 1136 suaviter·
431 1092 702 1136 admodum..
735 1091 959 1141 Quoniam
990 1107 1094 1135 vero
1137 1106 1210 1135 ars
1247 1093 1420 1135 dicendi
1459 1105 1549 1134 non
1587 1091 1731 1137 solum

208 1152 483 1206 amplificare
500 1164 578 1193 res·
593 1150 757 1199 studet,
788 1150 864 1191 sed
885 1152 1023 1191 etiam
1042 1154 1282 1192 extenuare
1300 1155 1345 1191 et
1375 1150 1655 1197 imminuere,
1685 1149 1731 1190 in

207 1209 479 1251 contrariam
498 1221 674 1263 quoque
694 1211 867 1262 partem
898 1208 1122 1260 dixerunt,
1151 1209 1282 1264 μικρός
1303 1224 1375 1256 τις,
1408 1209 1529 1257 ὀλίγοι
1549 1207 1658 1255 τινὲς,
1689 1208 1734 1247 et

212 1278 313 1320 quae
335 1267 406 1308 his
426 1271 530 1308 sunt
549 1266 715 1307 affinia.
1728 1307 1730 1310 ,

235 1367 237 1370 Γ
270 1323 312 1365 5.
342 1323 430 1365 Sed
460 1323 619 1365 deinde
648 1323 823 1375 longius
851 1323 1003 1370 etiam,
1035 1327 1080 1365 et
1111 1336 1164 1364 ex
1198 1335 1297 1364 mea
1329 1322 1508 1375 quidem
1527 1322 1733 1376 opinione

205 1381 331 1435 justo
364 1382 557 1434 longius,
606 1381 828 1434 progressi
878 1381 1029 1421 eodem
1075 1393 1204 1434 pron.
1254 1383 1470 1421 ornarunt
1496 1379 1732 1432 adjectiva,

209 1451 402 1492 quorum
431 1438 555 1479 notio
575 1437 848 1478 incrementa
868 1449 1026 1492 capere
1057 1451 1144 1479 non
1164 1441 1328 1492 potest,
1360 1439 1424 1478 ita
1453 1441 1505 1479 ut
1538 1437 1734 1478 dicerent

211 1494 383 1552 ἄμετρός
419 1511 477 1537 τις
507 1498 552 1536 et
580 1496 664 1534 πᾶς
702 1510 772 1535 τις.
831 1492 883 1535 In
918 1495 988 1536 his
1021 1509 1109 1537 non
1144 1499 1276 1548 auget
1296 1494 1355 1536 τῖς
1387 1495 1464 1536 sed
1493 1494 1732 1535 imminuit.

210 1551 339 1595 Facit
357 1553 496 1600 enim,
522 1554 573 1593 ut
591 1552 909 1604 intelligamus,
941 1551 1103 1608 ἄμετρον
1133 1566 1211 1607 per
1244 1552 1511 1606 hyperbolen
1533 1565 1627 1593 esse
1646 1552 1735 1593 dic-

210 1614 334 1659 tum,
357 1623 448 1652 non
485 1609 666 1665 proprie
692 1607 956 1659 immensum,
988 1611 1080 1652 sive
1114 1609 1228 1665 quod
1250 1608 1400 1650 ‘nullos
1437 1608 1636 1652 terminos
1662 1608 1735 1651 ka-

213 1666 328 1716 beat,
358 1666 584 1710 secuudum
605 1678 711 1722 quos
728 1665 823 1720 ejus
840 1665 1032 1723 spatium
1058 1680 1253 1709 mensura
1272 1665 1453 1720 definire
1465 1666 1618 1723 possis.
1678 1665 1736 1709 Et

212 1725 280 1767 sic
309 1727 394 1767 πᾶς
422 1741 480 1766 τις
512 1737 602 1766 non
622 1726 726 1764 sunt
746 1736 903 1773 omnes,
927 1723 1004 1781 qui
1020 1724 1180 1781 ubique
1199 1730 1313 1773 sunt,
1336 1723 1386 1766 in
1405 1724 1527 1767 terris
1545 1724 1736 1767 homines

212 1796 269 1825 ue
285 1781 374 1824 ullo
394 1780 566 1839 quidem
584 1787 772 1838 eoeceptffi
806 1782 883 1824 sed
905 1796 1031 1838 quam
1050 1780 1249 1839 plurimi,
1274 1795 1409 1838 prope
1428 1795 1584 1824 omnes,
1629 1782 1737 1824 Inde

213 1841 474 1895 ambiguum
508 1840 690 1891 factum,
727 1843 878 1882 utrum
911 1840 1012 1882 οὐδέν
1043 1858 1079 1881 τι
1109 1841 1169 1882 sit
1199 1839 1308 1882 nihil
1336 1839 1509 1882 omniuo
1540 1853 1597 1883 an
1627 1839 1737 1883 nihil

212 1897 463 1940 admodum.
523 1897 612 1940 Sed
645 1900 793 1939 tamen
827 1899 952 1952 prius
991 1899 1190 1953 pluribus
1231 1898 1340 1940 locis
1375 1899 1549 1940 videtur
1583 1911 1737 1941 conve-

216 1957 331 1997 nire.
391 1954 574 1999 Accedit
593 1955 711 2010 quod
731 1955 777 1996 in
798 1956 878 1997 οὔτι
897 1957 1076 2009 negatio
1097 1960 1166 1998 est
1186 1957 1361 2004 fortior,
1391 1969 1525 2010 quam
1558 1957 1604 1997 in
1632 1957 1736 1998 sim-

215 2014 325 2067 plici
345 2015 403 2056 οὗ.
460 2012 583 2055 Nam
620 2013 783 2055 dicitur
811 2027 894 2067 pro
929 2018 971 2055 οὐ
1002 2015 1106 2055 κατά
1135 2031 1172 2054 τι
1201 2027 1286 2056 non
1310 2020 1486 2070 propter
1505 2012 1738 2071 quidquam

208 2072 287 2113 'vel
307 2084 395 2114 non
410 2070 502 2114 ulla
519 2084 573 2114 ex
587 2075 727 2128 parte.
788 2069 919 2113 Hom.
940 2071 992 2113 Il.
1015 2071 1068 2113 A.
1110 2071 1204 2113 153.
1255 2071 1453 2113 Platonis
1487 2073 1586 2127 ipsa
1602 2071 1739 2113 verba

218 2129 308 2171 vol.
327 2129 406 2170 vii.
427 2142 474 2184 p.
498 2128 541 2171 6.
562 2141 749 2184 ponam:
781 2132 934 2184 φοβερόν
955 2148 996 2171 τε
1018 2129 1082 2170 καὶ
1108 2130 1308 2185 σφαλερὸν,
1339 2129 1419 2170 οὔτι
1437 2132 1594 2178 γέλωτα
1613 2129 1738 2183 ἷίφλειν

215 2185 410 2240 (παιδικὸν
439 2186 517 2243 «γὰρ
546 2191 660 2229 τοῦτο
693 2187 772 2237 Ὑε)·
801 2186 910 2228 ἀλλὰ
942 2188 1002 2237 μὴ
1023 2187 1180 2240 σφαλεὶς
1200 2190 1271 2231 τῆς
1304 2185 1492 2230 ἀληθείας
1510 2191 1594 2230 etc.
1619 2185 1737 2243 peri-

218 2243 407 2286 culosum
421 2249 482 2286 est
501 2250 543 2286 et
561 2242 784 2292 lubricum,
822 2258 1090 2302 nequaquam
1111 2243 1225 2301 quod
1244 2257 1402 2292 verear,
1434 2258 1487 2286 ue
1506 2258 1573 2287 me
1594 2243 1737 2286 riden-

219 2300 325 2343 dum
339 2300 554 2358 praebeam
571 2301 693 2357 (uam
710 2300 788 2345 hoo
819 2301 994 2359 quidem
1012 2301 1211 2358 joculare
1239 2301 1348 2356 est);
1375 2301 1450 2343 sed
1479 2316 1533 2344 ne
1561 2313 1739 2359 prorsus

220 2357 422 2401 aberrans
441 2373 471 2402 a
498 2373 595 2402 vero
616 2364 701 2402 etc.
758 2358 907 2403 Etiam
940 2359 1186 2414 Hesychius
1219 2359 1298 2400 οὔτι
1336 2359 1480 2402 reddit
1507 2361 1642 2403 verbo
1676 2362 1743 2400 οὐ-

220 2415 373 2465 δαμῶς.
1663 2460 1665 2462 -
1689 2465 1691 2468 ,

277 2472 329 2516 In
348 2476 455 2516 πάνυ
473 2491 510 2515 τι
530 2474 719 2518 afficitur
743 2478 788 2518 et
808 2476 1053 2520 intenditur
1074 2476 1118 2516 τὸ
1145 2477 1250 2518 πάνυ
1268 2488 1296 2517 a
1324 2475 1585 2531 pronomine
1605 2474 1660 2524 τὶ,
1690 2477 1739 2515 ut

219 2531 468 2633 SiiItApglo'isffs
487 2545 540 2575 ex
559 2532 676 2577 omni
701 2540 843 2592 parte.
903 2533 972 2577 De
992 2535 1134 2577 ironia
1153 2537 1196 2576 οὐ
1215 2534 1319 2575 πάνυ
1339 2551 1375 2575 τι
1409 2534 1497 2576 vid.
1523 2534 1604 2576 sub
1636 2531 1735 2574 adv.

265 2715 286 2736 ⁴*
312 2713 439 2746 Notum
463 2722 524 2753 est,
545 2717 710 2750 hominem.
735 2728 861 2761 maqna
883 2721 949 2751 vir-
1017 2718 1071 2749 ¹15.
1092 2716 1217 2758 aliique
1231 2717 1310 2749 aliis
1332 2716 1366 2747 in
1392 2715 1489 2748 libris
1510 2715 1596 2748 illud
1617 2715 1739 2746 docue-

219 2762 287 2791 toele
303 2763 363 2790 aut
374 2758 533 2798 dignitate
540 2766 753 2801 praestantem
767 2772 856 2803 saepe
868 2762 948 2793 sim·
1015 2767 1097 2792 rant.
1145 2761 1225 2792 Haec
1248 2759 1457 2802 pronominis
1485 2768 1545 2800 per
1573 2768 1609 2790 se
1636 2756 1741 2798 positi

216 2800 355 2842 pliciter
382 2800 451 2832 dici
473 2803 537 2833 τινὰ
558 2813 615 2835 aut
635 2804 677 2843 τὶ,
700 2804 788 2836 sicut
810 2811 844 2836 et
873 2805 947 2837 Lat.
1013 2803 1216 2845 significatio
1238 2805 1280 2835 ad
1311 2807 1455 2835 nostram
1477 2801 1741 2842 disputationem

218 2846 380 2887 aliquem.
428 2844 506 2876 vid.
522 2845 674 2887 intel-prr.
690 2848 734 2879 N.
750 2848 791 2879 T.
806 2849 847 2879 ad
870 2849 946 2880 Act.
1013 2857 1079 2878 non
1104 2847 1260 2889 pertinet.
1306 2847 1381 2878 Non
1409 2845 1501 2877 enim
1523 2845 1625 2877 habet
1646 2843 1742 2885 pleo-

218 2897 254 2919 ν.
281 2889 335 2920 36.
357 2892 391 2919 et
413 2887 525 2920 Galat.
550 2888 590 2921 ii.
619 2892 650 2921 6.
695 2890 758 2923 Sed
782 2892 853 2932 jam
877 2892 948 2923 Bu·
1013 2890 1121 2922 nasmi
1144 2891 1305 2931 speciem,
1327 2889 1384 2921 sed
1399 2888 1574 2921 manifesto
1590 2896 1741 2919 necessa-

217 2931 312 2966 daeus
328 2930 468 2975 copiose
491 2931 526 2966 iu
549 2931 749 2968 Commentt.
772 2935 830 2968 Gr.
853 2934 893 2968 L.
909 2945 944 2979 p.
1013 2932 1100 2967 rium
1133 2938 1183 2967 est
1217 2935 1259 2967 ad
1297 2931 1520 2975 integritatem
1554 2930 1740 2965 sententiae.
