1838 3164
183 109 243 155 50
569 109 890 156 PLEONASMI
918 110 1319 154 PRONOMINUM.

186 227 238 271 8}
261 226 516 284 Παραλαβὼν
533 227 605 276 μὲν
621 228 698 284 «γὰρ
716 226 959 285 (Euphron)
978 227 1031 270 τὰ
1051 227 1131 283 ἱεραὶ
1148 228 1278 275 μεστὰ
1305 226 1371 269 καὶ
1390 228 1545 283 χρυσῶν
1562 227 1708 269 τούτων

188 284 254 330 καὶ
284 288 452 343 ἀργυρῶν
471 283 748 338 ἀναθημάτων,
780 286 869 327 κεναὶ
897 287 1053 327 πάντων
1082 284 1267 335 ἀπέδειξε.
1324 283 1376 327 In
1398 286 1468 327 his
1486 284 1706 327 viridanti

188 356 280 387 non
309 356 524 387 memores
559 344 691 396 hujus
717 343 1054 400 significationis
1077 356 1322 398 pronomen
1352 346 1495 385 τούτων
1528 341 1708 384 damna-

191 405 310 444 runt.
370 399 456 443 Sed
474 400 563 443 vid.
581 399 732 443 Zeune
755 401 810 442 ad
830 398 943 454 Exp.
973 399 1075 455 Cyri
1097 401 1127 443 i.
1157 400 1202 450 5,
1224 401 1267 443 8.
1300 406 1346 444 et
1364 400 1547 448 Reiske,
1577 410 1711 453 quem

189 460 287 515 ipse
306 458 460 503 laudat
478 456 576 502 Ind.
609 460 656 502 in
676 458 1018 501 Demosthenem
1037 458 1082 500 h.
1102 471 1145 502 v.
1167 472 1248 501 nec
1268 472 1363 502 non.
1378 458 1631 501 Markland.
1651 456 1711 499 ad

189 517 309 561 Max.
330 515 510 570 Tyrium
531 517 616 559 vol.
638 518 669 559 i.
701 530 747 572 p.
767 514 868 558 444.
891 515 959 557 ed.
975 514 1157 559 Reiske.

246 575 291 617 3.
322 573 548 617 Permulta
566 576 666 618 loca
695 578 816 622 sunt,
846 573 923 615 ubi
945 573 1028 615 hoc
1045 586 1289 628 pronomen
1309 574 1497 617 articulo
1514 573 1582 615 vel
1602 581 1714 628 prae-

192 633 330 677 misso
361 633 431 675 vel
459 633 666 687 deinceps
698 632 849 674 addito
882 631 1065 686 ponitur
1095 633 1152 674 ad
1177 633 1438 688 explendam
1469 635 1517 674 et
1547 631 1713 673 clarius

190 691 460 744 graviusque
495 690 762 733 efferendam
799 690 1082 732 sententiam.
1157 689 1307 733 Etiam
1347 691 1395 733 in
1435 691 1506 732 his
1539 689 1715 746 passim·

191 749 415 791 haeserunt
435 748 700 803 interpretes
720 746 985 796 doctissimi,
1020 750 1067 789 et
1095 759 1340 804 pronomen
1358 747 1592 791 delendum
1611 757 1712 789 cen-

190 810 392 850 suerunt.
450 803 614 848 Forma
641 806 740 862 ipsa
769 809 837 847 est
864 805 912 846 in
942 805 1167 855 omnibus,
1197 807 1372 861 opinor,
1404 805 1585 860 linguis,
1614 814 1713 857 quae

190 864 360 908 habent
399 864 650 912 articulum,
680 865 863 911 usitata,
901 865 955 904 ut
991 863 1067 904 vix
1101 877 1212 918 opus
1247 864 1306 906 sit
1341 864 1566 920 exemplis.
1626 860 1716 903 Sed

190 922 287 966 hoec
304 921 458 964 licebit
476 921 581 963 dare
597 935 609 962 ε
641 921 757 963 Xen.
782 919 885 975 Cyri
905 919 1028 962 Disc.
1049 921 1098 962 ii.
1112 921 1156 974 2,
1175 920 1249 963 20.
1270 921 1331 971 μὴ
1349 920 1442 976 οὐχὶ
1460 921 1524 963 τὸν
1542 922 1716 960 πλεῖστα

190 980 257 1022 καὶ
277 984 475 1029 «πονοῦντα,
503 978 568 1020 καῖ
588 979 807 1032 ὠφελοῦντα
828 978 873 1020 τὸ
891 978 1022 1027 κοινὸν,
1053 984 1187 1022 τοῦτον
1206 978 1272 1021 καὶ
1290 980 1484 1029 μεγίστων
1502 973 1717 1027 ἀξιοῦσθαι·

190 1035 339 1080 AEsch.
369 1051 410 1079 e.
440 1034 639 1092 Ctesiph.
661 1050 699 1079 c.
718 1036 792 1078 47.
822 1040 936 1079 extr.
970 1035 1231 1086 Δημοσθένην
1262 1036 1315 1088 δὲ,
1345 1036 1376 1078 ὦ
1405 1034 1622 1086 Ἀθηναῖοι,
1652 1032 1717 1074 τὸν

189 1095 406 1150 ’γράψαντα
424 1094 496 1143 μὲν
514 1095 588 1138 τὴν
604 1096 859 1138 πανυστάτην
886 1093 1025 1145 ἔξοδον,
1054 1094 1247 1151 προδόντα
1273 1092 1312 1136 δὲ
1345 1092 1433 1135 τοὺς
1461 1093 1718 1150 στρατιώτας,

190 1157 327 1194 τοῦτον
346 1153 456 1201 ὑμεῖς
474 1152 691 1201 τεμῆσετεῖ
722 1151 856 1194 Plura
879 1153 1011 1196 attuli
1032 1153 1089 1194 ad
1109 1150 1220 1194 Xen.
1242 1151 1433 1194 Memor.
1454 1151 1512 1192 iv.
1533 1148 1579 1199 7,
1611 1147 1650 1190 5.
1673 1152 1720 1190 et

187 1210 324 1264 plura
354 1210 491 1252 etiam
528 1210 788 1265 potuissem,
819 1223 1009 1264 quorum
1039 1211 1214 1265 copiam
1247 1215 1294 1252 et
1324 1208 1525 1263 Hoogev.
1561 1218 1723 1262 suppe-

189 1267 305 1310 ditat
324 1268 382 1310 ad
401 1265 507 1320 vig.
528 1269 589 1310 iv.
617 1267 684 1311 14.

251 1325 399 1369 Simili
416 1326 592 1366 ratione
612 1325 844 1367 abundant
865 1321 1149 1366 EKEINOZ
1171 1326 1217 1364 et
1237 1322 1370 1364 ΟΔΕ
1390 1321 1594 1377 Xenoph.
1614 1321 1720 1376 Cyri

194 1380 317 1426 Disc.
335 1383 364 1424 i.
385 1380 431 1430 4,
458 1381 526 1423 19.
548 1380 600 1431 οἳ,
617 1381 662 1426 ἣν
684 1383 744 1422 ἐπ’
766 1382 922 1422 ἐκείνους
939 1380 1054 1428 ἡμεῖς
1073 1380 1308 1429 ἐλαύνωμεν,
1339 1382 1619 1429 ὑποτεμοῦνται
1636 1381 1722 1420 wd-

193 1448 254 1480 λιν
274 1440 382 1488 ἦμᾶς
402 1441 542 1479 ἐκεῖνοι.
600 1436 728 1480 Adde
748 1438 808 1480 vi.
835 1438 874 1487 l,
909 1436 978 1477 17.
1009 1439 1055 1478 et
1074 1436 1133 1478 Vi.
1155 1435 1200 1485 2,
1231 1437 1305 1479 33.
1339 1435 1567 1480 Chariton.
1589 1438 1622 1478 i.
1650 1436 1718 1479 14.

194 1498 293 1545 μόνη
321 1496 360 1537 δὲ
394 1495 602 1551 καλλιῤῥόη
632 1497 828 1545 γενομένη,
862 1493 928 1539 ἥδε
963 1495 1051 1545 μετ’
1074 1493 1243 1544 ἐξουσίας
1275 1494 1345 1538 τὴν
1378 1494 1472 1536 ἰδίαν
1501 1494 1723 1550 ἀπωδύρετο

195 1557 343 1608 τύχην.
403 1552 472 1594 De
493 1553 628 1595 simili
650 1553 769 1607 apud
795 1550 978 1594 Latinos
1008 1552 1266 1606 pleonasmo
1300 1551 1499 1594 Dorville
1526 1553 1582 1593 ad
1616 1553 1660 1593 h.
1688 1553 1719 1594 l.

192 1612 347 1654 laudat
362 1609 563 1652 Cortium
584 1611 640 1651 ad
658 1611 840 1652 Sallust.
864 1607 1000 1651 Catil.
1018 1608 1092 1652 37.
1112 1613 1157 1651 et
1176 1608 1399 1652 Drakenb.
1422 1610 1479 1652 ad
1498 1607 1595 1652 Liv.
1615 1623 1716 1653 xxv.

191 1668 265 1712 27.
288 1667 389 1710 Vid.
410 1672 455 1710 et
476 1681 609 1722 supra
628 1667 762 1716 αὐτὸς,
792 1666 908 1709 Sect.
930 1666 974 1709 7.

252 1725 298 1770 4.
329 1724 622 1779 Aliquantum
659 1725 894 1779 gravitatis
936 1723 1073 1767 habet
1112 1726 1393 1780 pleonasmus
1426 1725 1559 1779 hujus
1593 1737 1722 1780 pron.

195 1787 300 1839 post
319 1785 337 1824 ὅ
357 1783 489 1824 αὐτὸς.
546 1781 665 1824 Nam
685 1796 786 1825 cum
823 1784 842 1823 ὅ
871 1782 988 1824 αὐτὸς
1013 1781 1124 1825 satis
1146 1785 1264 1826 clare
1293 1797 1373 1839 per
1404 1797 1453 1826 se
1483 1783 1719 1836 significet,

194 1840 295 1895 quis
313 1844 394 1884 aut
410 1838 518 1893 quid
535 1841 594 1882 sit
614 1840 969 1894 intelligendum,
999 1844 1148 1882 tamen
1170 1843 1206 1883 si
1228 1854 1300 1883 res
1319 1841 1496 1884 videtur
1514 1841 1630 1882 mira
1651 1840 1720 1882 vel

195 1899 485 1947 incredibilis,
516 1910 572 1940 ne
601 1899 698 1940 ulla
730 1899 951 1941 dubitatio
971 1898 1114 1954 possit
1133 1900 1359 1948 exsistere,
1391 1900 1546 1942 addito
1563 1910 1724 1954 prono-

200 1958 323 1999 mine
350 1957 699 1998 demonstrativo
733 1957 998 2005 declaratur,
1029 1956 1146 1998 hunc
1184 1957 1330 2012 ipsum
1366 1956 1609 2005 hominem,
1652 1955 1722 1998 vel

201 2014 319 2058 hanc
335 2014 480 2070 ipsam
500 2027 595 2056 rem
631 2019 711 2056 aut
742 2018 1006 2069 praesentem
1039 2019 1118 2056 aut
1151 2016 1283 2057 modo
1317 2015 1500 2064 dictam,
1529 2013 1724 2067 intelligi

201 2073 375 2115 debere.
433 2070 547 2114 Xen.
571 2069 675 2126 Cyri
696 2070 820 2114 Disc.
841 2086 884 2114 v.
913 2072 953 2120 1,
980 2071 1046 2113 12.
1078 2074 1111 2114 οἱ
1141 2072 1251 2115 αὐτοὶ
1282 2072 1396 2114 οὗτοι.
1430 2074 1489 2116 vi.
1523 2071 1567 2123 2,
1598 2072 1641 2113 8.
1673 2074 1727 2112 εἰς

200 2129 265 2172 τὸν
284 2130 400 2172 αὐτὸν
419 2129 556 2185 τρόπον
573 2130 999 2172 veihon-Geminus
1016 2130 1299 2185 pleonasmus
1319 2134 1388 2173 est
1408 2135 1476 2174 τοῦ
1495 2127 1723 2176 ΟΥΤΩΣ,

200 2188 323 2243 quod
341 2201 384 2229 v.
405 2187 543 2230 infra.

260 2245 298 2287 5.
322 2244 506 2290 Passim
524 2246 746 2301 reperitur
779 2248 895 2287 τοῦτο
923 2246 995 2294 μὲν
1017 2277 1029 2287 .
1064 2275 1075 2286 .
1111 2276 1121 2288 .
1154 2250 1269 2288 τοῦτο
1289 2246 1345 2295 δὲ,
1376 2244 1455 2287 ubi
1475 2244 1725 2286 sufficerent

202 2306 340 2359 paru.
362 2304 439 2351 μὲν
457 2307 506 2345 et
536 2303 594 2352 δὲ,
623 2308 702 2346 aut
719 2303 960 2359 repetitum
981 2303 1063 2344 καί.
1122 2301 1305 2358 Lycurg.
1338 2317 1376 2344 c.
1414 2301 1564 2344 Leocr.
1599 2315 1645 2357 p.
1662 2313 1725 2345 m.

205 2359 310 2403 246.
337 2352 469 2402 Τοῦτο
486 2362 558 2410 μὲν
575 2361 651 2417 γὰρ
681 2360 733 2414 (εἰ
764 2360 829 2402 καὶ
858 2362 1110 2418 παλαιότερον
1130 2363 1246 2403 εἰπεῖν
1274 2361 1374 2416 ἐστι)
1407 2360 1481 2404 τὴν
1497 2357 1638 2416 Τροίαν
1667 2359 1731 2402 τίς

207 2421 276 2459 οὐκ
309 2417 483 2467 ἀκήκοεν,
518 2418 576 2459 ὅτι
609 2421 779 2468 μεγίστη
813 2421 1048 2468 «γεγενημένη
1080 2422 1155 2460 τῶν
1186 2419 1276 2460 τότε
1308 2420 1477 2466 πόλεων,
1506 2416 1572 2459 καὶ
1596 2418 1731 2460 πάσης

208 2474 410 2531 ἐπάρξασα
440 2478 513 2519 τῆς
542 2474 699 2525 Ἀσίας,
728 2478 779 2518 ὦς
808 2475 917 2526 ἅπαξ
946 2477 1021 2518 ὑπὸ
1049 2481 1126 2518 τῶν
1149 2475 1357 2521 Ἑλλήνων
1388 2477 1632 2529 κατεσκάφη,
1665 2473 1730 2515 τὸν

209 2535 327 2574 alaim
348 2534 523 2576 ἀοικπτὸς
542 2533 622 2574 ἔστι
640 2547 651 2581 ;
683 2539 796 2576 τοῦτο
813 2533 869 2582 δὲ,
898 2533 1126 2582 Μεσσήνην,
1154 2535 1418 2579 πεντακοσίοις
1444 2533 1563 2574 ’ἐτεσιν
1581 2533 1736 2586 ὕστερον

211 2595 294 2633 etc.
352 2589 497 2632 Nemo
519 2591 757 2645 quidquam
775 2592 1061 2641 desideraret,
1092 2593 1131 2634 si
1165 2595 1321 2634 auctor
1354 2592 1420 2633 ita
1449 2590 1698 2645 scripsisset
1713 2600 1727 2629 z

210 2646 352 2704 Τροίαν
370 2648 441 2696 μὲν
461 2647 536 2704 ’γαρ
566 2650 626 2690 τίς
645 2652 712 2690 οὐκ
732 2651 833 2692 dume
854 2680 866 2691 .
902 2681 913 2691 .
948 2682 959 2691 .
979 2651 1156 2693 ἀοίκητός
1187 2651 1297 2699 ἐστις
1328 2647 1539 2692 Μεσσήνην
1568 2645 1608 2688 δὲ
1637 2661 1731 2687 ωεν-

210 2723 304 2748 ταιι.
337 2709 418 2747 etc.
479 2705 567 2748 Sed
597 2706 740 2748 voluit
770 2711 926 2749 auctor
956 2707 1050 2750 haec
1079 2708 1284 2762 exempla
1314 2706 1573 2760 diligentius
1604 2715 1730 2759 sepa-

212 2767 315 2806 rata
330 2763 389 2805 ob
407 2763 558 2806 oculos
574 2775 758 2818 ponere,
793 2765 902 2817 quia
919 2768 1156 2819 utrumque
1185 2770 1254 2807 est
1272 2763 1507 2818 ejusmodi,
1537 2765 1590 2804 ut
1616 2773 1733 2802 seor·-

215 2822 302 2863 sim
321 2822 538 2863 attentius
557 2822 826 2863 considerari
862 2835 1029 2876 suoque
1050 2826 1272 2864 momento
1304 2820 1544 2876 ponderari
1571 2819 1735 2861 debere

213 2878 434 2922 videatur.
494 2875 603 2920 Hoec
622 2881 742 2921 enim
762 2879 831 2921 vis
851 2883 921 2921 est
940 2880 996 2921 hu
997 2882 1072 2934 Jus
1089 2881 1261 2929 formae,
1291 2891 1381 2932 qua
1412 2879 1543 2934 plura
1571 2877 1618 2920 in
1650 2877 1732 2924 ali-

215 2949 350 2993 quam
375 2948 471 2984 rem
502 2941 782 2993 argumenta,
826 2937 1056 2985 obscurius
1092 2938 1340 2994 significato
1374 2937 1593 2994 quusque·
1622 2946 1735 2992 pon·-
