1838 3164
367 312 823 373 GODOFREDI
862 312 1324 376 HERMANNI

612 463 1080 511 DISSERTA'rlo

148 609 288 675 DE
327 610 713 679 ELLIPSI
770 616 895 681 ΕΤ
936 616 1547 684 PLEONASMO

545 911 812 962 GRAECA
840 912 1149 967 LINGUA.

416 1208 452 1250 l.
487 1207 606 1255 Quid
634 1208 691 1250 sit
720 1207 903 1266 Ellipsis
929 1216 970 1252 et
989 1209 1282 1254 Pleonas‘mus.

90 1320 328 1383 NULLA
357 1353 427 1382 res
445 1342 543 1396 plus
563 1340 711 1383 damni
742 1341 894 1382 intulit
925 1341 1106 1391 litteris,
1135 1356 1270 1397 quam
1303 1343 1471 1385 inertiae
1510 1341 1603 1385 filia

87 1397 342 1439 credulitas.
403 1397 522 1439 Nam
543 1400 658 1440 sicut
678 1400 727 1439 in
754 1399 875 1439 omni
905 1400 1184 1451 negotiorum
1248 1413 1375 1442 enere
1403 1401 1603 1454 quaedam

87 1455 367 1510 reperiuntur
395 1456 650 1497 inveteratae
676 1455 919 1510 opiniones,
950 1468 1061 1508 quas
1082 1458 1157 1498 alii
1191 1414 1247 1498 αἱ
1269 1457 1370 1499 aliis
1399 1462 1603 1512 acceptas

87 1516 264 1556 servant
284 1513 575 1567 religioseque
596 1517 794 1560 tuentur,
815 1525 971 1567 parum
994 1512 1187 1566 solliciti,
1217 1515 1293 1568 qui
1315 1515 1459 1557 fontes
1493 1516 1600 1564 sint,

88 1573 167 1611 aut
196 1582 295 1622 quae
325 1571 519 1612 rationes
558 1571 713 1612 harum
745 1571 1030 1624 opinionum:
1077 1572 1141 1613 ita
1173 1573 1308 1613 etiam
1338 1573 1384 1614 in
1423 1572 1601 1622 litteris,

88 1639 276 1680 quarum
310 1631 459 1669 tamen
480 1629 663 1682 propria
694 1631 762 1668 est
787 1628 986 1668 veritatis
1019 1629 1349 1682 pervestigatio,
1385 1630 1602 1684 plerique,

87 1684 300 1739 quoniam
320 1685 459 1726 multa
479 1685 686 1726 discendo
705 1684 915 1726 doctrinae
933 1684 1107 1726 laudem
1133 1686 1280 1740 parari
1300 1689 1477 1741 putant,
1510 1700 1600 1729 ma-

89 1743 158 1794 gis
178 1742 283 1795 quid
303 1745 404 1783 ante
421 1755 466 1784 se
484 1742 560 1782 alii
581 1741 787 1788 dixerint,
818 1754 950 1794 quam
982 1742 1048 1783 illi
1077 1755 1135 1783 an
1170 1742 1214 1784 id
1242 1747 1357 1785 recte
1391 1744 1602 1793 dixerint,

89 1800 268 1846 student
298 1813 574 1854 cognoscere.
654 1798 753 1846 Quo
782 1799 848 1846 fit,
882 1803 948 1847 ut,
981 1799 1085 1841 dum
1115 1801 1196 1841 toti
1222 1800 1465 1850 tractandis
1494 1801 1601 1842 alio-

89 1870 188 1898 rum
224 1858 483 1900 commentis
514 1870 560 1898 se
589 1857 770 1905 dedunt,
814 1857 1001 1910 denique
1032 1858 1163 1911 longa
1191 1859 1508 1900 consuetudine
1547 1861 1604 1901 ad

91 1915 356 1956 credendum
388 1915 666 1962 inducantur,
694 1915 904 1955 mirantes
934 1927 985 1956 ac
1006 1927 1127 1969 paene
1159 1918 1404 1969 stupentes,
1436 1916 1473 1958 si
1501 1917 1602 1970 quis

39 1984 45 1989 “
90 1973 220 2014 aliter
239 1973 403 2014 sentire
423 1972 598 2014 audeat.
656 1969 713 2014 Et
743 1985 830 2024 quo
863 1972 1069 2014 clariores
1088 1985 1203 2026 saepe
1225 1974 1342 2015 viros
1372 1973 1464 2015 haec
1484 1977 1605 2016 tenet

91 2030 310 2079 socordia,
331 2043 382 2072 eo
403 2031 538 2072 latius
560 2031 640 2071 hoc
660 2029 825 2070 malum
841 2030 994 2084 serpit,
1023 2030 1246 2085 plerisque
1275 2032 1603 2079 auctoritatem,

90 2090 232 2129 tutam
269 2088 450 2136 scilicet,
484 2087 753 2140 aliquamdiu
784 2091 917 2135 certe,
955 2089 1123 2142 proprii
1156 2087 1318 2130 laboris
1347 2090 1604 2144 periculosae

90 2144 336 2187 difficultati
372 2144 723 2199 praeferentibus.
785 2143 1076 2187 Luculentum
1111 2144 1241 2197 hujus
1271 2148 1336 2187 rei
1370 2147 1602 2189 documen-

90 2205 186 2244 tum
207 2203 403 2258 praebent
419 2216 471 2244 ea
493 2216 592 2255 quae
614 2203 669 2243 ab
690 2202 770 2251 his,
806 2204 883 2256 qui
905 2203 1118 2257 philologi
1132 2207 1359 2251 vocantur,
1380 2203 1433 2245 de
1455 2201 1599 2258 ellipsi
1611 2206 1668 2251 98

90 2264 133 2301 et
179 2262 435 2316 pleonasmo
475 2261 636 2302 Graecae
666 2259 828 2313 linguae
857 2260 1022 2301 tradita.
1059 2265 1175 2302 sunt.
1246 2261 1366 2312 Quas
1406 2259 1602 2316 disputa-

91 2317 235 2359 tiones
253 2319 331 2372 qui
361 2319 605 2360 accuratius
635 2318 895 2365 consideret,
926 2318 965 2358 is
997 2319 1313 2372 propemodum
1347 2331 1399 2360 eo
1431 2318 1600 2372 rediga-

91 2376 164 2416 tur
194 2388 368 2418 necesse
398 2380 481 2424 est,
516 2380 568 2417 ut
595 2375 781 2423 dubitet,
810 2378 960 2416 utrum
1000 2375 1167 2430 ellipsis
1198 2378 1272 2425 sit,
1308 2376 1386 2418 ubi
1417 2388 1504 2418 non
1534 2381 1601 2420 est

91 2433 389 2487 pleonasmus,
422 2446 477 2474 an
496 2435 794 2487 pleonasmus,
823 2432 901 2472 ubi
931 2445 1018 2474 non
1047 2438 1113 2474 est
1148 2433 1333 2489 ellipsis.
1391 2431 1517 2474 Adeo
1546 2447 1602 2476 ne

90 2503 206 2532 nunc
239 2490 417 2545 quidem
450 2494 618 2531 certum
648 2495 713 2531 est
749 2493 879 2542 atque
910 2490 1197 2544 exploratum,
1225 2504 1324 2545 quae
1352 2490 1408 2532 sit
1443 2491 1600 2532 horum

91 2548 320 2588 nominum
350 2548 415 2589 vis
445 2551 490 2588 et
519 2547 802 2600 significatio.
863 2546 1007 2599 Atque
1029 2553 1078 2589 ut
1097 2549 1163 2597 fit,
1194 2561 1331 2602 quum
1358 2546 1601 2590 difficiliora

91 2605 182 2646 sint
210 2618 278 2653 ea,
307 2617 403 2657 quae
426 2605 548 2658 justo
569 2604 754 2655 brevius,
786 2617 919 2657 quam
937 2618 1034 2658 quae
1052 2620 1153 2649 cum
1170 2605 1363 2660 quadam
1390 2606 1599 2647 orationis

93 2662 366 2704 abundantia
385 2661 605 2712 dicuntur,
633 2662 780 2716 primo
812 2661 867 2702 de
900 2661 1044 2717 ellipsi
1066 2664 1301 2718 quaesitum
1321 2665 1405 2711 est,
1425 2675 1599 2717 compa-

90 2721 201 2762 ratis
221 2720 336 2761 inter
357 2732 403 2761 se
423 2722 619 2760 veterum
649 2719 910 2772 scriptorum
940 2720 1062 2768 locis,
1094 2722 1170 2776 qui
1204 2723 1377 2775 plenam
1405 2721 1601 2761 videren-

92 2780 182 2825 tur,
217 2777 379 2830 quique
415 2788 614 2817 mancam
648 2778 892 2817 orationem
922 2776 1093 2820 habere.
1166 2775 1275 2819 Visa
1310 2777 1401 2819 haec
1431 2790 1503 2819 res
1535 2780 1602 2818 est

124 2833 275 2876 ulchre
304 2834 564 2888 procedere;
596 2833 746 2886 itaque
779 2837 938 2887 praeter
976 2836 1087 2876 alios
1118 2835 1309 2877 maxime
1342 2830 1602 2875 Lambertus

133 2892 269 2939 osius,
291 2891 508 2943 insignem
529 2891 642 2931 hunc
675 2894 798 2931 ratus
828 2891 1096 2945 explicandae
1128 2892 1289 2934 Graecae
1317 2891 1478 2944 linguae
1507 2891 1603 2939 fon-

86 2952 174 2989 tem
205 2962 315 2999 esse,
336 2952 464 2991 tanto
484 2948 628 2991 studio
649 2947 705 2989 ad
724 2949 1051 3003 investigandas
1073 2951 1248 3033 ellipse}
1277 2948 1493 2990 excitatus
1522 2953 1604 2997 est,

1275 3020 1298 3047 L
1331 3023 1350 3050 2
