1838 3164
187 117 244 161 44
582 117 896 162 PLEONASMI
924 114 1316 159 PRONOMINUM.

251 394 837 465 PLEoNAsMI
905 361 1629 460 PRoNoMINUM'.

756 705 1143 749 PRAEMONITA.

194 797 496 859 QUAEDAM
531 816 603 857 hic
638 816 866 871 praefanda
899 819 1002 857 sunt
1035 815 1089 856 de
1119 812 1440 870 pronominibus
1470 809 1703 870 personali-

193 872 268 915 bus
306 875 362 915 ad
395 878 540 915 cetera
577 874 689 914 nihil
728 874 1011 928 pertinentia.
1073 871 1111 928 I)
1155 871 1420 913 Pronomina
1456 870 1704 925 personalia

192 932 454 972 nominativi
486 944 613 972 casus
648 933 884 986 saepissime
910 933 971 972 sic
991 931 1251 979 redundant,
1281 933 1331 970 ut
1350 930 1416 970 vel
1439 929 1703 981 gravitatem

192 990 385 1030 habeant
423 990 696 1044 emphaseos,
741 990 806 1030 vel
848 990 902 1030 ad
936 991 1125 1042 gratiam
1164 989 1209 1029 in
1248 986 1456 1028 antithesi
1493 986 1702 1039 spectent.

192 1046 310 1088 Nam
341 1047 387 1087 in
420 1047 501 1088 hoc
532 1045 843 1091 Demosthenis
874 1045 973 1087 Cor.
1007 1060 1043 1087 c.
1082 1047 1122 1087 6.
1165 1046 1275 1086 nihil
1309 1044 1557 1085 desideres:
1599 1038 1704 1082 Εἶτα

193 1107 402 1159 κατηγορεῖ
434 1105 503 1151 μὲν
539 1106 647 1155 ἐμοῦ,
692 1105 800 1160 κρίνει
832 1104 870 1145 δὲ
910 1105 1071 1145 τουτονί.
1146 1102 1231 1144 Sed
1259 1102 1472 1143 redundat-
1504 1099 1578 1148 ἐγὼ
1608 1112 1646 1140 c.
1664 1097 1703 1139 9.

188 1159 299 1209 Ἐγὼ
330 1162 399 1209 μὲν
432 1162 548 1202 τοίνυν
578 1162 736 1217 ’ἔγραψα
769 1194 779 1203 .
814 1194 824 1203 .
861 1193 871 1202 .
903 1162 1002 1202 οὗτοι
1039 1161 1078 1202 δὲ
1108 1165 1189 1202 etc.
1252 1159 1376 1201 Patet
1399 1164 1565 1206 autem,
1595 1155 1705 1212 illud

192 1219 463 1260 antitheseos
482 1232 615 1260 causa
635 1221 922 1273 praepositum
950 1232 1060 1261 esse.
1122 1217 1365 1272 Emphasin
1396 1219 1542 1258 autem
1573 1214 1707 1255 habes

193 1277 239 1316 in
261 1277 495 1318 iteratione
514 1291 552 1316 c.
571 1275 640 1318 79.
670 1276 891 1318 Ἐδίδασκες
919 1278 1153 1332 γράμματα.
1183 1275 1257 1325 ἐγὼ
1291 1274 1325 1314 δ’
1363 1275 1532 1323 ἐφοίτων.
1590 1269 1705 1311 Ἐτέ-

189 1341 280 1374 λεις·
303 1333 377 1382 ἐγὼ
398 1333 432 1373 δ’
452 1335 673 1382 ἐτελούμην.
732 1334 954 1390 Ἐχὸρευες·
983 1334 1057 1382 ἐγὼ
1080 1334 1111 1374 δ’
1139 1333 1346 1388 ἐχορήγουν
1368 1337 1450 1374 etc.
1510 1326 1579 1371 Ῑίίέῑ
1599 1340 1704 1380 quae·

191 1394 261 1431 ter
291 1392 425 1431 etiam
454 1392 656 1446 deinceps
689 1392 780 1440 ἐγὼ,
809 1393 880 1433 cui
911 1392 1078 1432 nullum
1114 1389 1158 1430 σὺ
1188 1390 1393 1430 redditur.
1454 1386 1571 1443 Nam
1606 1387 1704 1439 ipso

192 1460 318 1501 pron.
362 1448 436 1496 ἐγὼ
481 1450 613 1490 toties
651 1450 839 1503 repetito
871 1449 1141 1500 significatur
1171 1447 1514 1502 Demosthenem
1546 1443 1707 1484 virtute

194 1508 239 1546 et
269 1507 437 1547 meritis
474 1506 602 1559 longe
645 1511 855 1561 praestare
891 1505 1104 1548 AEschini.
1165 1505 1297 1546 Clara
1336 1506 1442 1545 item
1481 1500 1705 1556 emphasis

195 1567 262 1604 est
281 1564 327 1604 in
349 1562 552 1617 Xenoph.
587 1563 722 1605 Mem.
747 1565 796 1605 ii.
834 1564 872 1611 1,
903 1564 975 1605 30.
1006 1562 1060 1603 Τι’
1090 1563 1127 1603 δὲ
1159 1562 1236 1603 ΣΎ
1265 1560 1411 1610 α’·γαὲὂν
1440 1561 1574 1614 ἕχειςῖ
1592 1560 1708 1614 vnam

194 1633 282 1661 non
305 1622 447 1661 solum
468 1634 546 1675 pro
565 1620 723 1662 Κακίας
740 1622 919 1662 nomine
938 1622 1119 1675 ponitur
1140 1620 1248 1660 illud
1273 1618 1333 1667 σὺ,
1366 1618 1439 1660 sed
1460 1618 1551 1658 vim
1571 1616 1707 1657 etiam

195 1678 328 1719 habet
349 1679 394 1718 in
416 1680 700 1730 sequentibus
717 1680 998 1729 declaratam,
1027 1678 1111 1722 ἥτις
1130 1677 1212 1717 οὐδὲ
1240 1677 1310 1719 τὴν
1341 1680 1414 1716 τῶν
1443 1675 1557 1718 ἡδέων
1576 1670 1708 1714 ἐπιθυ-

193 1736 285 1783 μίαν
306 1738 497 1783 ἀναμένεις
515 1741 598 1777 etc.
657 1734 719 1791 II)
750 1736 835 1777 Sed
857 1736 1009 1777 eadem
1031 1748 1189 1789 pronn.
1224 1735 1359 1775 etiam
1391 1733 1485 1774 sine
1505 1727 1708 1772 antithesi

193 1798 235 1834 et
255 1792 444 1848 emphasi
475 1795 530 1834 ab
562 1794 691 1834 initio
723 1795 908 1846 alicujus
929 1793 1141 1834 oratiOnis
1171 1795 1249 1833 aut
1276 1791 1416 1845 partis
1451 1787 1707 1831 enarrandae

194 1855 431 1904 ponuntur.
492 1850 561 1892 Ita
597 1850 798 1906 Xenoph.
838 1850 972 1892 Mem.
1008 1851 1062 1893 iv.
1091 1850 1134 1899 7,
1166 1849 1204 1890 7.
1247 1847 1411 1889 Ἐκεῖνος
1450 1846 1543 1902 «γάρ,
1585 1847 1708 1893 λέγων

193 1909 263 1956 μὲν
284 1908 329 1948 τὸ
349 1909 445 1950 αὐτὸ
466 1906 554 1950 εἶναι
584 1912 667 1950 etc.
699 1923 780 1963 pro
811 1909 946 1958 Λέγων
977 1908 1051 1962 «γὰρ
1085 1940 1094 1949 .
1132 1938 1142 1948 .
1178 1938 1187 1947 .
1221 1906 1265 1947 τὸ
1285 1906 1381 1947 αὐτὸ
1402 1903 1490 1946 εἶναι
1510 1908 1590 1946 etc.
1651 1901 1709 1943 Et

195 1964 314 2011 Plat„
328 1980 396 2020 ep.
423 1966 459 2007 l.
494 1968 592 2008 init.
624 1966 856 2022 Διατρίψας
878 1966 951 2014 ἐγὼ
973 1967 1061 2021 παρ’
1084 1967 1171 2012 ὑμῖν
1191 1967 1275 2006 etc.
1298 1964 1370 2004 ubi
1402 1962 1475 2011 ἐγὼ
1497 1963 1603 2003 item
1631 1972 1710 2001 nec

193 2027 374 2077 propter
388 2024 617 2078 emphasin
638 2025 837 2065 additum
857 2027 941 2071 est,
971 2037 1049 2065 nec
1077 2026 1256 2077 propter
1275 2021 1526 2062 antithesin.
1589 2017 1709 2069 Quid

196 2083 331 2134 ergo?
363 2081 527 2129 Placet,
557 2087 606 2123 ut
627 2082 814 2135 opinorf
828 2083 973 2136 prima
999 2081 1217 2122 sententia
1238 2083 1282 2120 et
1312 2079 1367 2119 ad
1394 2077 1626 2131 legendum
1645 2074 1709 2115 al-

196 2139 307 2187 licit,
338 2140 374 2180 si
414 2140 547 2194 plena
586 2142 653 2180 est
688 2140 834 2180 verbis
870 2152 957 2179 non
993 2139 1135 2179 solum
1173 2137 1228 2178 ad
1266 2136 1591 2183 necessitatem,
1630 2131 1709 2173 sed

196 2197 331 2237 etiam
348 2198 400 2238 ad
423 2200 596 2251 copiam
620 2197 854 2250 quandam,
875 2200 936 2244 et,
958 2198 996 2237 si
1018 2197 1273 2237 enuntiatur
1298 2207 1431 2248 quam
1451 2191 1707 2236 clarissime,

198 2254 262 2294 ita
293 2258 343 2295 ut
377 2255 621 2308 subjectum
652 2268 740 2296 non
775 2255 901 2295 modo
931 2254 1059 2295 verbo
1088 2258 1217 2294 certae
1247 2265 1443 2306 personae
1473 2250 1708 2294 indicetur,

200 2311 274 2351 sed
310 2314 567 2364 pronomine
602 2325 776 2365 quoque
808 2311 1001 2364 ejusdem
1034 2323 1232 2364 personae
1253 2310 1471 2362 adjuncto.
1527 2305 1710 2348 Imitan-

198 2371 272 2409 tur
303 2369 384 2409 hoc
412 2369 576 2410 Latini.
638 2368 727 2411 Cic.
759 2370 815 2411 ad
845 2370 933 2410 div.
966 2370 996 2409 i.
1033 2368 1074 2409 9.
1119 2380 1205 2408 non
1236 2367 1364 2419 longe
1395 2365 1450 2406 ab
1485 2365 1583 2405 init.
1613 2362 1708 2418 Ego

200 2438 281 2472 me,
304 2423 503 2474 Lentule,
535 2425 664 2468 initio
683 2440 823 2468 rerum
843 2430 927 2469 etc.
949 2430 993 2467 et
1012 2426 1160 2479 paullo
1179 2427 1277 2479 post
1296 2437 1305 2464 :
1339 2423 1450 2478 Ego,
1477 2421 1517 2463 si
1546 2420 1598 2463 ab
1630 2419 1711 2461 im-

193 2482 342 2538 probis
361 2488 444 2525 etc.
506 2483 581 2525 Sic
599 2484 676 2525 vii.
709 2483 749 2525 6.
791 2483 870 2534 Tu,
902 2483 979 2539 qui
1007 2481 1155 2524 ceteris
1183 2495 1324 2523 cavere
1355 2477 1551 2522 didicisti
1567 2482 1645 2520 etc.
1667 2482 1712 2519 et

201 2541 276 2581 vii.
300 2539 340 2581 9.
374 2539 435 2582 Tu
467 2540 608 2582 deesse
640 2540 723 2582 tibi
755 2541 847 2584 noli
877 2546 959 2583 etc.
991 2541 1038 2582 in
1059 2540 1217 2592 quibus
1249 2537 1311 2579 Tu
1330 2540 1467 2580 etiam·
1483 2538 1714 2580 excitantis

204 2611 298 2639 esse
317 2599 504 2639 videtur.
567 2598 688 2639 Adde
709 2613 779 2641 xv.
812 2599 852 2640 6.
882 2604 991 2640 extr.
1014 2602 1057 2639 et
1076 2598 1170 2638 Att.
1194 2599 1253 2637 ix.
1291 2596 1353 2637 ll.
1386 2598 1430 2637 in
1462 2609 1531 2650 ep.
1565 2593 1710 2636 Caesa-

201 2657 264 2696 ris
284 2659 393 2697 extr.
415 2660 459 2697 et
478 2655 602 2709 Virg.
624 2654 724 2698 AEn.
747 2657 803 2697 vi.
827 2655 899 2704 95,
920 2655 1020 2696 365.
1053 2661 1097 2696 et
1129 2654 1228 2696 367.
1256 2654 1333 2694 xii.
1352 2652 1453 2695 438.
1514 2650 1595 2707 III)
1625 2650 1709 2693 Re-

203 2717 291 2755 stat
320 2714 539 2754 laudanda
568 2716 712 2767 gratia
741 2714 1036 2755 venustissimi
1066 2712 1327 2766 pleonasmi‚
1356 2723 1442 2763 quo
1474 2711 1519 2751 in
1539 2713 1713 2751 senten-

202 2772 280 2812 tiis
304 2772 492 2812 maxime
513 2772 789 2824 disjunctivis
806 2774 908 2825 post
927 2772 1114 2811 alterum
1134 2769 1177 2816 ἢ,
1198 2772 1241 2809 et
1260 2770 1306 2809 in
1327 2768 1559 2822 dupliciter
1579 2779 1712 2820 nega·

204 2829 306 2869 tivis
335 2833 433 2882 post
463 2829 648 2869 alteram
690 2829 878 2881 negandi
917 2828 1178 2882 particulam
1214 2838 1453 2879 pronomen
1482 2824 1709 2878 personale

202 2890 428 2942 comparet
448 2890 607 2941 praeter
622 2888 885 2941 opinionem.
948 2883 1074 2926 Hom.
1097 2883 1147 2924 Il.
1177 2879 1230 2924 Γ.
1261 2881 1360 2924 409.
1391 2881 1416 2926 ἢ
1437 2880 1581 2935 ἄλοχον
1601 2882 1715 2925 ‹nomi-

203 2962 323 2995 σεται,
353 2944 378 2991 ἢ
409 2945 471 2994 ὅγε
502 2943 651 2988 δούλην.
711 2942 883 2987 Gallim.
913 2941 974 2986 H.
1006 2940 1051 2985 in
1081 2941 1212 2985 Dian.
1250 2938 1344 2983 150.
1403 2937 1550 2996 Ταῦρον
1580 2938 1636 2981 ὅτ’
1666 2940 1710 2980 ἐκ
