1838 3164
506 182 796 224 PRAEFATIO
823 178 1254 222 SCHOETTGENII.
1607 179 1648 220 ix

134 305 333 347 alterutri
355 307 550 347 nostrum
571 306 882 359 imputaretur,
911 303 1028 358 quod
1050 303 1106 345 ab
1141 303 1239 357 ipso
1270 299 1519 356 profectum
1554 313 1643 342 non

135 366 216 414 est,
257 363 331 404 sed
370 375 444 405 eas
474 363 592 404 infra
619 363 781 413 lineam
833 362 1094 407 subductam
1136 361 1378 415 posuimus.
1441 356 1644 400 Invenies

135 419 332 476 quaedam
351 432 487 474 novos
506 433 597 475 prae
623 433 669 461 se
702 420 872 467 titulos,
902 419 1109 466 ferentia,
1140 417 1342 470 quaedam
1374 429 1478 458 vero
1499 408 1646 457 obser-

137 477 389 520 vationibus
428 477 634 520 Auctoris
671 477 835 518 addita.
914 475 964 518 In
1006 477 1197 528 singulis
1227 476 1295 516 ita
1324 488 1393 517 me
1422 474 1556 526 gessi,
1588 486 1643 514 ne

136 535 272 577 moles
314 535 415 577 libri
457 536 641 576 nimium
681 537 968 581 excresceret,
1015 546 1157 587 neque
1203 536 1353 574 tamen
1384 531 1642 587 quidquam,

136 592 255 647 quod
272 605 300 634 a
329 605 398 633 me
430 593 709 634 observatum
737 596 848 640 erat,
880 591 1176 633 omitteretur.
1237 589 1395 643 Neque
1426 589 1507 630 hoc
1533 588 1643 630 diffi-

135 650 220 692 teri
241 662 434 704 possum,
463 664 557 692 esse
577 651 624 691 in
648 650 732 697 his,
754 662 850 705 quae
870 647 979 690 Viro
998 647 1391 695 Excellentissimo‚
1421 649 1464 688 et
1495 647 1542 687 in
1568 647 1648 688 hoc

135 706 364 749 literarum
411 720 572 761 genere
619 707 929 758 versatissimo,
977 703 1231 749 Christiano
1267 703 1490 747 Friderico
1533 703 1652 746 Boer-

137 776 262 813 nero,
291 765 596 807 humaniorum
626 766 875 806 litterarum
908 764 1026 819 apud
1067 777 1146 805 nos
1186 762 1428 804 Professori
1465 763 1652 804 celeber-

137 822 269 870 rimo,
299 823 524 864 debentur.
584 821 627 863 Is
646 836 727 877 pro
748 835 814 873 ea,
846 835 935 875 qua
955 835 1024 863 me
1043 822 1343 876 prosequitur,
1377 817 1653 862 humanitate

135 879 361 935 exemplar
377 893 519 932 suum,
539 882 610 923 cui
631 881 769 924 muita
787 880 1097 933 adscripscrat,
1113 892 1282 920 mecum
1297 877 1652 926 communicavit,

138 937 279 979 noluit
292 941 441 979 tamen
461 931 552 994 pro‘
563 938 776 979 modestia
797 950 878 979 sua
898 937 1084 990 singulis
1105 950 1264 978 nomen
1295 950 1423 978 suum
1445 936 1655 978 adscribi.

141 991 258 1036 Meis
277 1007 383 1050 ergo
411 1009 466 1038 ea
499 997 678 1043 inserui,
710 996 784 1037 sed
805 996 885 1043 ita,
916 999 967 1037 ut
985 995 1159 1050 publice
1180 994 1260 1036 hoc
1294 994 1493 1036 beneficii
1514 1006 1654 1047 genus

140 1056 273 1104 grato
288 1066 524 1106 agnoscam
557 1053 718 1094 animo.
779 1051 968 1101 Indices,
999 1066 1133 1108 quum
1166 1057 1299 1094 antea
1332 1065 1448 1094 unus
1478 1056 1653 1093 tantum

141 1110 452 1163 essenaddidi
470 1112 596 1159 duos,
625 1123 764 1152 unum
782 1111 1000 1152 dictorum
1020 1111 1298 1159 biblicorum,
1328 1111 1518 1152 alterum
1539 1109 1654 1151 Auc-

141 1171 288 1210 torum
325 1168 560 1210 citatorum
597 1172 643 1209 et
678 1168 1008 1222 explicatorum.
1080 1166 1264 1210 Factum
1307 1168 1354 1208 id
1397 1172 1463 1209 est
1501 1180 1654 1209 eorum

143 1237 314 1277 caussa,
331 1226 407 1281 qui
428 1226 664 1279 diligenter
678 1226 892 1278 ejusmodi
914 1230 1133 1274 auctores,
1155 1226 1375 1280 praecipue
1395 1237 1498 1267 vero
1518 1226 1657 1267 libros

144 1278 262 1324 Novi
288 1279 509 1334 ,Foederiffi
542 1283 763 1330 evolvunt,
793 1287 844 1323 ut
872 1283 1004 1324 facile
1034 1288 1251 1331 occurrat,
1281 1283 1420 1324 sicubi
1455 1283 1657 1338 quaedam

144 1337 323 1395 Euipsis
342 1339 495 1381 lateat.
554 1338 698 1381 Tuum
731 1353 835 1392 ergo
864 1340 958 1393 Jam
994 1344 1077 1388 est,
1109 1338 1282 1388 Lector,
1312 1353 1382 1387 ea,
1413 1354 1512 1393 quae
1540 1353 1567 1382 a
1587 1353 1658 1382 me

144 1396 346 1451 profecta.
363 1402 483 1454 sunt,
499 1398 751 1440 calculotuo
770 1398 837 1438 vel
858 1397 1044 1451 probare
1064 1398 1129 1438 vel
1152 1398 1416 1452 improbare.
1475 1396 1568 1450 Ego
1589 1399 1657 1438 in·

145 1454 397 1511 tereamihi
418 1455 592 1497 abunde
610 1455 822 1501 satisfeci,
842 1455 879 1496 si
901 1456 978 1497 uni
999 1456 1152 1497 saltem
1173 1457 1242 1497 vel
1263 1455 1393 1498 alteri
1416 1453 1534 1496 Novi
1555 1454 1664 1496 Tes-

147 1513 334 1567 tamenti
353 1513 447 1554 loco
476 1514 619 1555 lucem
646 1511 886 1554 adfundere
920 1513 1061 1567 potui.
1119 1512 1187 1555 Tu
1219 1526 1324 1556 vero
1343 1513 1457 1563 vale,
1487 1516 1534 1555 et
1556 1512 1667 1557 mihi

147 1569 261 1612 fave.
319 1568 481 1626 Lipsiae
502 1583 648 1614 mense
670 1569 856 1618 Martio,
883 1583 1176 1614 cmmecxm.
