1838 3164
316 135 318 138 ’
347 161 671 215 QUIBUSDAM
693 156 1003 202 viz-nannum
1027 154 1246 197 pomus,
1461 147 1544 191 209

43 279 289 325 Homerum
325 282 394 322 est
423 278 637 333 μεμνέῳτο,
679 274 831 328 jungit
863 273 953 315 illis
990 272 1100 328 βιῷω,
1131 270 1263 326 ῥιγῴη).
1320 266 1548 309 Elementa

40 340 165 382 enim
184 337 341 379 harum
357 335 709 379 contractionum
725 329 997 386 inspicienda
1019 333 1150 375 sunt;
1180 339 1280 380 quae
1313 326 1390 368 ubi
1426 323 1551 365 diffe-

41 399 163 444 runt,
182 407 271 439 non
303 395 456 437 eodem
489 391 617 433 modo
636 391 689 431 de
716 389 923 430 omnibus
950 386 1233 441 judicandum
1264 387 1346 426 est.
1406 382 1551 446 Appa3

46 458 118 496 ret
135 453 292 506 igitur,
322 453 368 494 in
383 452 477 494 illis
495 449 609 505 βιῷ-η,
628 447 761 503 ῥιγῴη,
780 449 891 501 ῥιγῶν
911 446 1170 488 elementum
1200 460 1219 483 ο
1238 455 1293 485 ex
1311 442 1410 496 ipsa
1427 439 1551 506 verbi

45 510 322 559 formans-02
352 507 585 564 proficisci,
613 505 732 558 quod
762 505 808 545 in
841 503 993 559 paucis
1011 502 1101 543 illis
1120 501 1283 549 verbis,
1312 511 1434 540 more
1450 499 1555 538 aho-

47 569 127 622 qui
144 567 314 616 dorico,
333 579 414 621 per
431 563 775 607 contractionem
794 562 842 603 in
875 580 906 602 ω
932 560 1055 603 abire
1081 559 1223 601 voluit
1242 570 1348 599 usus
1369 555 1557 598 Atticus.

49 623 217 668 Contra
245 625 293 666 in
319 628 498 679 μεμνῷτο
515 621 780 663 elementum
819 637 839 660 ο
874 623 943 661 est
973 632 998 660 e
1030 617 1123 659 sola
1138 616 1327 671 optativi
1346 614 1558 656 termina-

48 684 172 726 tione
187 698 284 731 οιτο,
311 681 384 724 cui
402 692 429 722 e
448 679 582 722 verbo
601 679 700 733 ipso
729 675 920 731 (μνάομαι
953 675 1192 730 μέμνημαι)
1222 674 1352 729 longe
1384 672 1562 713 diversa

49 739 238 785 aooessit
254 737 430 782 vocalis.
489 736 644 790 Neque
661 735 898 777 verisimile
926 738 1010 783 est,
1038 733 1214 775 fluxisse
1232 732 1346 773 hanc
1372 731 1563 772 formam

53 812 80 840 e
97 796 344 847 mutatione
362 812 420 836 σιω
440 795 487 835 in
506 812 572 842 οω,
601 810 678 842 ωω,
706 793 822 835 unde
841 794 1032 842 μνώομαι,
1050 791 1261 846 quoniam
1279 790 1410 843 hujus
1428 789 1476 830 in
1494 791 1563 829 at·

51 853 387 908 tiqmsualiud
417 852 658 905 ‘vestigium
687 864 777 892 non
796 851 1060 893 invenimus.
1117 849 1183 892 Ac
1208 862 1266 891 ne
1295 848 1358 889 sic
1385 846 1564 899 quidem

54 909 343 961 Homericum
368 912 566 966 μεμνέῳτο
600 909 806 964 explices,
835 909 922 951 nisi
952 920 1117 950 morem
1136 910 1351 963 praeterea
1368 903 1566 946 Ionicum

51 987 73 1011 ε
100 968 324 1017 inserendi
342 968 402 1010 ad
420 972 569 1022 partes
587 980 730 1009 voces.
787 965 897 1014 Quae
931 971 1080 1008 tamen
1110 965 1226 1007 ratio
1242 963 1441 1018 singulas
1462 973 1567 1003 ana-

56 1026 202 1080 logias
220 1026 281 1068 ad
308 1025 486 1068 unicam
523 1026 713 1067 formam
746 1025 1049 1080 explicandam
1068 1024 1263 1076 undique
1281 1017 1568 1075 conquirendi

56 1084 315 1127 satisfacere
349 1096 436 1125 non
469 1086 630 1138 potest.
689 1080 802 1124 Vide
829 1083 967 1136 igitur
985 1095 1044 1123 an
1064 1082 1228 1124 rectius
1246 1083 1399 1122 nostra
1416 1089 1568 1133 proce-

57 1141 138 1184 dat
165 1141 299 1189 ratio,
326 1153 419 1195 qua
446 1140 668 1195 duplicem
696 1140 883 1195 optativi
915 1140 962 1181 in
983 1139 1118 1181 verbo
1146 1141 1348 1187 μέμνημαι
1382 1136 1571 1177 formam

56 1199 201 1242 fuisse
214 1199 419 1246 dicimus,
450 1198 695 1251 legitimam
713 1199 898 1240 alteram
915 1198 1101 1253 perfecti
1119 1196 1346 1252 μεμνῄμην,
1367 1194 1592 1241 alteram5„

58 1269 178 1311 quae,
205 1256 275 1299 uti
294 1259 361 1298 tot
378 1256 476 1298 aliae
494 1256 678 1311 perfecti
717 1256 889 1304 formae,
922 1256 979 1296 ad
1014 1268 1214 1297 normam
1246 1252 1475 1308 praesentis
1509 1250 1572 1291 ef·

60 1313 164 1358 ficta
195 1317 307 1363 erat,
336 1315 608 1362 meum-olum.
669 1313 893 1356 Posterior
926 1315 1017 1356 haec
1041 1326 1096 1355 ex
1126 1313 1203 1354 illa
1227 1309 1383 1355 Ionum
1402 1320 1574 1358 norma,

61 1384 200 1424 quam
219 1373 267 1413 in
281 1384 386 1413 vooe
410 1370 510 1419 νηὸς,
530 1370 769 1419 νηοὶ-νεὼς,
791 1373 872 1427 νεῲ,
892 1373 1075 1417 βασιλῆος
1093 1371 1296 1418 βασιλέως,
1317 1366 1422 1411 Tios
1440 1366 1575 1421 (unde

60 1427 203 1483 Titos)
223 1426 333 1469 Τέως
349 1428 645 1480 agnoscimus,
675 1433 848 1471 mutata
874 1433 959 1478 est,
990 1430 1054 1469 ita
1072 1432 1122 1469 ut
1141 1439 1197 1468 ex
1215 1426 1423 1475 μέμνῆοιτο
1453 1420 1672 1466 fieret240

62 1482 352 1527 Homericum
384 1485 600 1540 μεμνέῳτο,
631 1485 748 1526 unde
780 1498 859 1540 per
887 1485 1231 1528 contractionem
1252 1488 1408 1525 natum
1425 1485 1492 1524 est
1511 1485 1579 1523 at-

61 1543 205 1585 ticum
222 1547 416 1597 μεμνῷτο.
475 1539 505 1582 J
506 1553 580 1583 am
598 1555 699 1585 cum
714 1544 944 1585 verborum
963 1544 1149 1592 μνάομαι,
1169 1539 1580 1595 μέμνημαι-μεμνῴ-

65 1616 148 1649 μην
167 1602 215 1640 et
232 1601 420 1647 κτάομαι,
440 1600 892 1655 κέκτημαι-κεκτῴμην
912 1601 1044 1655 plane
1063 1600 1215 1642 eadem
1234 1600 1294 1640 sit
1314 1599 1430 1639 ratio
1447 1611 1458 1646 ;
1489 1608 1581 1637 cer-

65 1656 246 1699 tissima
263 1659 332 1697 est
348 1654 594 1698 Hei-manni
612 1656 876 1705 observatio,
905 1671 996 1712 qua
1023 1658 1070 1698 in
1108 1658 1203 1698 loco
1236 1654 1475 1710 Euripideo
1493 1655 1582 1696 for-

69 1726 190 1755 mam
225 1711 458 1768 κεκτῲμεῦα
490 1725 589 1754 cum
626 1731 638 1753 ι
666 1714 916 1770 subscripto
952 1714 1174 1761 defendit;
1205 1726 1346 1767 neque
1382 1715 1476 1754 erat
1502 1724 1583 1754 cur

69 1783 163 1814 non
197 1770 379 1812 omnino
408 1770 684 1812 retinendam
713 1785 810 1813 eam
853 1785 947 1817 esse
976 1771 1295 1827 pronuntiaret.
1354 1769 1467 1812 Illud
1504 1782 1581 1811 au-

71 1833 164 1871 tem
179 1830 336 1884 ’φοβῷτο
364 1840 465 1869 cum
495 1840 638 1882 neque
668 1829 750 1870 hac
778 1830 985 1885 analogia
1012 1842 1154 1884 neque
1182 1828 1262 1871 illa
1287 1829 1518 1870 verborum
1537 1828 1586 1868 in

74 1887 125 1927 ὀω
154 1887 450 1933 contineatur,
491 1886 574 1927 soli
623 1886 900 1930 librariorum
940 1888 1119 1930 incuriae
1157 1886 1437 1929 tribuendum
1463 1887 1590 1942 puta-

75 1955 192 1985 mus.

83 2001 89 2007 ’
134 1998 343 2042 Formam
364 1999 531 2056 δηῖὀῳεν,
563 2003 774 2054 quoniam
793 2006 862 2044 est
880 2015 960 2057 pro
979 2002 1145 2054 δηΐόοιεν,
1179 2003 1236 2046 ad
1254 2003 1442 2046 eundem
1459 2015 1590 2058 quem

79 2058 130 2101 in
146 2058 448 2113 superioribus
486 2064 729 2113 agnoverat
760 2060 1002 2102 dorismum
1039 2061 1316 2103 referendum
1343 2062 1592 2116 suepicatur

82 2113 398 2163 Hermaunus;
426 2128 517 2169 qua
554 2119 702 2159 tamen
734 2118 908 2159 ratione
946 2131 1099 2160 vereor
1129 2123 1180 2161 ut
1216 2132 1284 2160 res
1319 2120 1590 2161 conficiatur.

84 2172 262 2229 Quippe
280 2173 433 2228 ἀρὸ-ωσι
464 2174 601 2215 etiam
630 2188 712 2229 pro
742 2176 905 2231 ἀρό-ουσι
938 2180 983 2218 et
1001 2175 1196 2219 δηῗό-ωντο
1215 2191 1297 2232 pro
1308 2171 1500 2219 δἠἷόψντο
1516 2177 1594 2218 Ῑιὸἐ

83 2231 191 2273 bent
231 2230 363 2285 epici,
412 2243 510 2284 quae
551 2232 609 2273 ad
651 2233 837 2275 eandem
879 2234 1130 2287 analogiam
1170 2232 1309 2288 redigi
1355 2238 1592 2288 nequeunt.

84 2286 303 2343 Equidem
320 2288 429 2337 haec,
450 2289 538 2330 nisi
559 2293 667 2331 nata
685 2294 789 2332 sunt
808 2304 833 2332 e
851 2292 1107 2334 confusione
1126 2293 1354 2334 verborum
1376 2293 1422 2333 in
1449 2293 1497 2332 ὁω
1526 2291 1597 2345 (ut

85 2345 203 2401 ἀρρω)
220 2357 322 2388 cum
353 2346 443 2387 illis
477 2346 525 2387 in
560 2348 722 2389 οἱω-όω
753 2347 822 2402 (ut
854 2350 1181 2399 γελάω-Ὗελόω,
1223 2355 1379 2400 «γελῶσι,
1407 2349 1600 2404 γελὸωσι,)

88 2403 311 2456 explicare
330 2416 419 2445 non
439 2405 647 2446 conabor.
707 2404 780 2447 Of.
815 2405 1013 2449 Gramm.
1049 2412 1180 2450 nostr.
1218 2421 1263 2463 p.
1282 2407 1601 2461 243.-Neque

89 2459 206 2503 illud
240 2472 547 2504 successurum
579 2463 710 2504 credo
735 2464 827 2505 viro
864 2464 1134 2514 doctissime,
1162 2466 1280 2520 quod
1317 2467 1457 2522 ipsam
1473 2460 1600 2518 vhanc

89 2517 322 2559 verborum
357 2519 405 2560 in
440 2536 497 2559 οιω
516 2519 811 2563 desinentium
836 2523 1267 2565 transformationem
1301 2525 1346 2567 in
1367 2526 1416 2565 όω
1436 2524 1504 2565 vel
1539 2523 1600 2564 ώω

92 2586 121 2616 a
140 2576 288 2627 nescio
317 2589 407 2630 quo
443 2576 637 2619 dorismo
670 2583 866 2633 repetere
894 2581 1054 2623 studet.
1111 2580 1231 2623 Nam
1265 2583 1303 2624 si
1340 2596 1378 2624 e.
1401 2597 1444 2637 g.
1465 2581 1513 2622 in
1531 2593 1601 2622 eo-

93 2631 196 2674 dem
214 2633 350 2677 verbo
380 2634 525 2676 forma
557 2636 707 2682 μενοίνα
729 2637 841 2678 abiit
858 2637 905 2680 in
923 2640 1114 2688 μενοινοία,
1144 2642 1448 2696 conjunctivus
1481 2656 1603 2687 μενοι-

94 2690 204 2746 νάῃσι
240 2703 278 2732 s.
315 2693 413 2746 -έῃσι
453 2692 500 2732 in
539 2693 761 2745 μενοινῆπσι,
790 2707 876 2736 non
914 2709 1096 2751 pomum*
1119 2710 1207 2740 non
1244 2712 1434 2755 praesens
1467 2698 1692 2742 etiam24l

94 2748 278 2795 μενοινῶω
296 2760 352 2790 ex
369 2749 464 2790 sola
482 2749 741 2792 dilatatione
759 2753 886 2807 epica
899 2759 1109 2809 repetere.

124 2860 135 2870 ο
155 2803 324 2860 Veram
355 2804 638 2849 Hermannus
672 2812 887 2855 rationem
915 2813 1047 2854 affert
1063 2826 1141 2855 cur
1159 2813 1488 2858 &Bimae-dictum
1517 2825 1607 2855 non

96 2863 176 2927 sit,
201 2863 407 2906 videlicet
424 2866 532 2918 quia
551 2867 596 2907 in
617 2867 738 2909 nulla
755 2881 780 2909 e
799 2870 957 2912 ceteris
983 2871 1113 2925 hujus
1129 2866 1423 2916 verbi‘formis
1443 2873 1607 2915 vocalis

101 2917 290 2968 dilatata
307 2921 398 2968 fuit
422 2923 470 2967 in
500 2941 530 2965 ω
548 2922 732 2988 (δίδομεν,
762 2923 899 2977 δίδοτε,
934 2927 1036 2972 ’ἔδοτε
1054 2931 1088 2986 ;)
1120 2935 1273 2974 contra
1291 2936 1441 2982 γνῶναι,
1479 2934 1608 2981 βιῶναι

1300 2989 1327 3016 '¹‘
1357 3003 1381 3031 P
