1838 3164
229 143 309 188 166
583 149 657 191 DE
684 147 893 191 ELmPSI
920 146 993 189 ΕΤ
1020 145 1362 187 PLEONASMO

219 277 310 321 que
347 277 456 320 ergo
492 264 750 321 praepositio
789 261 967 320 proprie
1002 261 1202 310 notabat,
1239 259 1357 316 quod
1395 264 1502 305 ante
1537 260 1736 318 unquam

221 323 287 365 rei
308 323 555 379 cujuspiam
587 328 758 379 partem
793 324 920 364 esset.
979 318 1182 372 Denique
1210 317 1316 368 μετὰ
1349 318 1573 373 designat,
1598 323 1738 374 quam

222 383 403 438 proprie
436 382 841 437 participationem,
887 377 932 420 id
965 382 1032 420 est
1064 377 1418 419 communionem
1453 377 1607 433 partis.
1630 375 1738 419 dhi-

222 448 344 482 mus:
391 449 479 497 quo
511 453 539 481 a
576 439 885 494 praepositione
922 435 986 478 σὺν
1017 434 1179 486 differt,
1222 447 1320 488 quae
1353 435 1472 489 quod
1505 435 1651 478 totius:
1673 434 1739 475 rei

222 510 325 539 cum
355 499 446 540 alia
477 511 524 540 re
558 497 907 550 conjunctionem
942 494 1179 547 significat,
1210 506 1299 535 non
1340 494 1612 536 construitur
1638 497 1739 535 <lum

222 556 450 607 genitivo:
483 568 581 609 quae
600 568 669 597 res
687 555 806 595 clara
825 553 909 594 erit
930 552 1065 593 verba
1082 554 1265 604 μετέχειν
1294 555 1339 593 et
1360 553 1544 605 συνέχειν,
1564 549 1739 603 aliaque

224 611 382 655 horum
417 614 582 656 similia
601 611 889 667 comparanti.
951 607 1098 658 Quum
1133 620 1238 662 ergo
1272 610 1493 663 genitivus
1522 610 1568 651 in
1599 608 1741 650 omni-

223 669 307 712 bus
328 671 397 713 his
415 670 815 714 constructionibus
843 667 960 722 part-i
995 667 1240 709 indicandae
1273 667 1493 716 inserviat,
1524 667 1657 710 facile
1674 670 1743 724 est

225 728 492 784 intelligere,
525 730 601 785 qui
638 729 805 769 factum
835 727 907 776 sit,
936 728 988 766 nt
1019 725 1352 780 praepositiones
1392 726 1506 774 istae,
1539 732 1655 782 quae,
1686 726 1740 765 ut

134 779 214 824 139
224 792 378 829 ornnes
398 788 742 842 praepositione8‚
762 787 924 826 natura
944 796 1025 824 sua
1045 782 1158 826 nihil
1179 782 1266 824 nisi
1285 782 1496 825 adverbia
1516 786 1638 831 sunt,
1668 776 1741 834 'ge-

105 2112 184 2157 140

223 845 414 887 nitivum
451 846 539 889 sibi
567 844 853 892 vindicarent.
925 840 1061 889 Nam,
1096 844 1148 882 ut
1175 841 1261 881 ista
1294 842 1496 896 exempla
1524 841 1741 896 repetam,

224 916 323 959 quae
343 915 478 958 supra
494 902 634 945 attuli*
674 900 715 941 δι’
740 899 897 941 ἀσπίδος
922 897 1042 942 ἦλθεν
1070 899 1191 951 ’έεγχος
1210 898 1318 954 quid
1349 902 1419 940 est
1445 898 1586 947 aliud,
1610 901 1747 955 qutun

223 961 346 1015 ἐ”γχος
363 959 484 1004 ἦλθεν
503 958 622 1014 doen&
642 976 659 1000 ς
672 974 751 1006 ποι,
772 958 818 998 id
838 961 921 1005 est,
950 958 1076 999 venit
1095 957 1149 997 ad
1171 956 1369 1010 aliquam
1388 955 1443 998 cli
1475 957 1517 998 ei
1551 958 1740 1012 pamm,

222 1022 268 1059 et
289 1019 350 1059 ibi
370 1018 546 1071 quidem
563 1016 639 1064 διά,
661 1015 705 1057 id
724 1019 808 1064 est,
839 1016 900 1057 sic
928 1018 980 1056 ut
1008 1018 1268 1070 penetraret.
1328 1012 1401 1056 lta
1430 1009 1528 1056 ἄντα·
1551 1014 1744 1070 ώαρενεξων

222 1078 395 1130 σχομένη
430 1075 621 1132 κρήδεμνα
643 1074 752 1116 nihil
783 1075 867 1122 est,
898 1073 985 1115 nisi
1013 1071 1206 1129 κρήδεμνα
1225 1073 1398 1126 σχομένὴ
1429 1073 1621 1128 ωὰρειᾶωύ
1648 1079 1745 1119 nov,

221 1138 268 1175 et
300 1133 480 1190 quidem
514 1132 626 1184 ἄντα,
654 1132 774 1187 quod
804 1132 935 1173 aliter
969 1130 1091 1173 dicas
1125 1131 1316 1186 παρειάων
1347 1131 1383 1172 ἐν
1419 1135 1475 1187 τῷ
1504 1128 1617 1173 ἄν’τσιν
1673 1126 1743 1173 Ex

222 1191 291 1233 his
312 1191 444 1234 facile
462 1191 628 1247 poterit
647 1190 852 1243 intelligi,
885 1201 974 1230 non
1002 1189 1224 1231 diversam
1254 1196 1350 1230 esse
1376 1193 1635 1231 caeterorum
1666 1189 1744 1231 od-

219 1249 469 1291 verbiorum
517 1248 831 1295 conditionem,
872 1260 968 1303 quae
1017 1260 1117 1289 cum
1166 1246 1364 1300 genitivo
1410 1249 1742 1290 construuntur.

220 1306 307 1349 Sed
327 1308 494 1349 clarum
522 1310 590 1349 est
610 1307 745 1349 etiam
765 1319 820 1347 ex
856 1305 938 1347 hac
956 1304 1270 1360 explicatione,
1300 1304 1519 1354 adverbii,
1542 1319 1634 1359 que
1668 1310 1743 1348 no-

218 1366 341 1407 mine
377 1365 450 1407 hic
482 1365 815 1420 praepositiones
849 1371 1023 1418 quoque
1056 1362 1484 1417 comprehendimus,
1526 1369 1616 1405 non
1644 1369 1742 1418 esse

217 1423 341 1465 aliud
370 1423 577 1473 officium,
617 1434 749 1478 quam
780 1424 830 1463 ut
859 1421 1051 1467 modum,
1083 1420 1246 1467 locum,
1284 1423 1478 1474 tempus,
1511 1420 1581 1462 vel
1618 1421 1743 1477 quid-

217 1480 328 1534 quid
381 1480 576 1522 adverbii
626 1480 842 1534 cujiisque
888 1478 1209 1532 significatione
1246 1477 1510 1525 continetur,
1542 1478 1742 1532 adjiciat,

218 1549 307 1579 non
336 1541 486 1580 autem
518 1537 763 1592 genitivum
799 1536 894 1578 sine
924 1535 1135 1578 adverbio
1166 1533 1277 1576 nihil
1312 1535 1445 1589 plane
1477 1535 1741 1588 significare.

218 1592 329 1636 Haec
348 1595 385 1636 si
407 1601 512 1637 vera
543 1600 663 1642 sunt,
695 1594 802 1650 quid
835 1605 946 1648 opus
972 1593 1058 1634 erit
1090 1591 1418 1647 praepositionis
1456 1593 1760 1639 omissionem.

217 1653 276 1694 ad
300 1652 517 1694 auxilium
537 1661 711 1700 vocare,
747 1651 825 1693 ubi
860 1651 995 1692 verba
1029 1651 1128 1705 ipsa
1156 1661 1256 1691 cum
1279 1649 1474 1703 genitivo
1507 1652 1744 1706 conjuncta

217 1711 329 1752 satis
351 1710 562 1758 indicent,
584 1722 682 1766 quae
702 1709 762 1751 sit
782 1708 968 1763 genitivi
1000 1707 1291 1762 significatio?
1324 1705 1422 1748 Hoc
1442 1707 1581 1761 igitur
1595 1717 1655 1751 an
1676 1710 1744 1752 ssa

217 1769 294 1816 sit,
335 1778 451 1810 nunc
490 1765 725 1810 videndum
768 1770 849 1808 est.
931 1764 1060 1813 Quod
1097 1766 1162 1806 sic
1201 1763 1427 1816 faciemus,
1458 1770 1512 1808 ut
1549 1767 1744 1810 diversos

219 1839 342 1874 usus,
404 1838 484 1867 uos
514 1825 651 1867 habet
683 1825 922 1879 genitivus»,
956 1823 1112 1866 ordine
1143 1835 1468 1872 enumeremuffl
1500 1823 1740 1880 simulque,

217 1897 376 1938 quomo
406 1897 433 1925 o
451 1884 567 1926 alius
588 1896 643 1925 ex
665 1883 754 1925 aiio
774 1887 899 1925 ortus
918 1882 992 1933 sit,
1015 1881 1314 1923 ostendamus.

565 1967 682 2011 VIII.
717 1966 786 2009 De
808 1964 1010 2009 Genitivo
1041 1963 1225 2008 Nomim'
1231 1964 1404 2022 juncto.

277 2043 424 2098 Atque
459 2043 504 2085 in
543 2043 665 2085 illam
687 2041 873 2096 genitivi
895 2041 1139 2088 notionem,
1173 2050 1308 2097 quam
1337 2040 1497 2096 saepius
1519 2042 1616 2095 jam
1643 2042 1744 2084 teti-

220 2103 383 2156 gimus,
404 2102 594 2143 intuenti
630 2101 814 2155 planum
844 2101 906 2141 sit
926 2112 1103 2141 necesse
1121 2103 1206 2147 est,
1226 2099 1400 2140 duobus
1420 2099 1563 2142 modis
1583 2100 1744 2153 geniti-

219 2174 323 2203 vum
362 2161 565 2214 usurpari
599 2172 757 2214 posse;
803 2158 950 2212 primo
985 2158 1062 2204 sic,
1096 2160 1163 2203 ut,
1194 2157 1309 2212 quod
1348 2157 1534 2210 alicujus
1564 2158 1628 2200 rei
1656 2162 1742 2205 est,

222 2219 329 2276 quid
349 2219 410 2260 sit
444 2218 576 2270 hujus
613 2217 679 2258 rei
713 2216 918 2261 dicatum
950 2215 1108 2262 altem,
1139 2219 1190 2256 ut
1223 2216 1426 2256 universe
1460 2210 1743 2259 dicatur&-

222 2279 328 2333 quid
343 2276 530 2328 alicujus
550 2275 615 2316 rei
634 2287 744 2325 esse,
781 2287 868 2315 non
887 2273 1080 2324 definito,
1117 2277 1268 2314 utrum
1298 2285 1421 2326 pars,
1451 2285 1510 2315 an
1543 2274 1742 2328 propi-ie-

221 2340 304 2385 tas,
324 2347 381 2376 an
400 2333 595 2380 effectus,
616 2345 674 2374 an
691 2331 908 2388 quidquid
940 2331 1117 2372 demum
1157 2331 1232 2372 sit.
1293 2326 1572 2385 Explicemus
1601 2332 1745 2385 primo

223 2394 278 2434 de
297 2393 443 2447 priore
473 2392 561 2432 isto
581 2390 785 2446 loquendi
825 2389 970 2435 modo,
989 2402 1080 2444 quo
1114 2388 1336 2440 genitivus
1371 2401 1529 2430 nomen
1564 2389 1747 2442 adiunc-

223 2455 321 2492 tum
356 2449 502 2490 habet.
577 2448 722 2503 Atque
757 2447 830 2488 hic
866 2447 964 2489 duae
995 2460 1043 2487 se
1081 2446 1272 2488 offerunt
1305 2446 1491 2500 genitivi
1527 2446 1744 2500 significa-

221 2509 386 2555 tiones,
415 2519 524 2560 quas
545 2506 823 2548 considerare
857 2518 1000 2559 operae
1030 2505 1223 2558 pretium
1245 2504 1319 2552 sit,
1339 2517 1428 2546 unna
1438 2504 1742 2552 derivationis,

226 2567 369 2608 altera
401 2563 772 2606 commutationis.
832 2560 1081 2615 Utramque
1110 2563 1279 2604 frustra
1302 2571 1382 2617 per
1409 2562 1586 2617 ellipsin
1602 2563 1743 2616 expli-

226 2636 327 2665 care
346 2623 527 2676 quidam
562 2622 709 2663 conati
744 2625 862 2671 sunt,
899 2621 1015 2676 quod
1052 2622 1232 2675 planum
1265 2621 1352 2662 erit
1378 2633 1472 2662 rem
1493 2624 1610 2662 reete
1642 2627 1743 2662 coh-

228 2681 457 2722 sideranti.
519 2678 647 2727 Quod
668 2679 787 2733 apud
822 2677 1065 2720 Homerum
1098 2682 1166 2720 est
1199 2676 1327 2719 Iliad.
1358 2677 1414 2719 A.
1440 2676 1535 2720 124,
1593 2675 1744 2731 Χρυσὸν

220 2737 491 2792 Ἀλεξάνδροιο
536 2736 768 2786 δεδεγμένος,
811 2737 899 2777 tria.
938 2739 1085 2790 potest
1116 2737 1381 2789 significare,
1430 2748 1586 2783 unum,
1628 2736 1748 2790 quod

227 2796 427 2838 omnium
455 2794 667 2849 primum,
689 2793 966 2849 maximeque
998 2795 1186 2848 simplex
1213 2797 1297 2842 est,
1327 2806 1482 2836 aurum
1506 2791 1749 2836 Alea-andri

230 2853 474 2910 accipiens,·
513 2852 767 2900 secundum,
798 2852 915 2908 quod
955 2851 1027 2893 hic
1054 2852 1201 2893 dicere
1241 2855 1374 2906 poeta
1407 2851 1563 2900 voluit,
1591 2863 1748 2894 aumm

233 2911 285 2954 ab
304 2909 550 2954 Alexandro
571 2909 784 2965 accipiens
807 2924 822 2956 ;
850 2913 902 2951 ut
922 2907 1048 2950 Iliad.
1069 2908 1123 2950 A.
1146 2907 1244 2950 596.
1275 2907 1508 2952 Μειδήσασα
1527 2908 1583 2957 δὲ,
1612 2908 1748 2951 παιδὸς

234 2968 387 3020 ἐδέξατο
407 2967 510 3024 χειρὶ
545 2970 752 3016 κύπελλον,
775 2968 819 3010 in
840 2968 968 3021 quus
998 2980 1150 3011 versus
1169 2967 1465 3022 explicatione
1486 2966 1750 3011 Schaeferus
