1838 3164
210 119 229 163 l
241 120 291 166 18
545 124 867 171 PLEONASMI
895 124 1076 170 CONJU
1078 128 1121 171 N
1123 127 1389 172 CTIONUM.

905 323 1034 367 KAI.

265 422 488 468 Germano
507 427 762 483 pleonasmo
793 424 857 467 καὶ
884 427 952 468 bis
985 427 1091 483 poni
1119 427 1244 478 solet,
1275 426 1353 469 ubi
1384 426 1515 469 semel
1550 434 1729 469 necesse

204 486 273 527 est
311 488 357 526 et
393 489 596 540 oportere
626 487 811 527 videtur.
872 483 990 527 Nam
1028 499 1144 540 saepe
1181 485 1324 528 critici
1365 485 1626 541 alterutrum
1660 485 1726 526 καὶ

204 542 428 584 sublatum
448 544 696 586 volu-erunt.
758 541 977 584 Lucianus
999 543 1046 585 in
1066 542 1282 585 Eunucho
1304 558 1338 586 c.
1360 542 1401 584 7.
1431 543 1498 584 καί
1527 554 1630 584 τινας
1659 541 1727 584 καὶ

202 599 320 642 αὐτὸς
340 599 623 650 οἷπεμνὴμόνευε
642 603 794 650 λόγους,
825 601 889 642 καῖ
909 601 1001 657 πρὸς
1021 602 1151 643 ἐκεῖνον
1181 603 1255 642 ὑπὸ
1276 618 1318 642 τε
1350 599 1532 642 Στωϊκῶν
1551 599 1621 643 καὶ,
1636 597 1724 641 Κυ-

200 661 307 698 νικῶν
325 659 502 705 μάλιστα
524 662 735 716 εἰρημένους
753 657 851 715 πρὸς
870 658 915 699 τὸ
941 660 1170 714 γελοιότερον
1204 662 1284 702 etc.
1343 657 1395 700 In
1427 660 1495 700 his
1528 659 1725 714 primum

199 714 264 767 καὶ
285 715 341 758 ad
369 729 447 759 nos
473 731 559 759 non
578 718 782 772 pertinet.
846 715 933 758 Sed
967 716 1031 757 καὶ
1066 716 1183 758 αὐτὸς
1215 718 1455 773 opponitur
1487 716 1648 759 Stoicis
1677 720 1724 758 et

200 770 393 827 Cynicis,
427 778 470 816 et
499 777 580 817 hoc
599 777 739 817 altero
769 774 833 816 καὶ
865 774 1006 829 ipsius
1033 772 1201 815 Dioclis
1231 775 1277 816 in
1312 787 1462 817 omnes
1496 773 1722 817 eunuchos

197 829 318 873 dicta
337 829 672 887 distinguuntur
691 834 748 874 ab
770 833 944 874 illorum
972 832 1069 888 πρὸς
1090 834 1222 873 ἐκεῖνον
1250 834 1315 886 (in
1336 833 1580 875 eunuchum
1612 833 1722 874 Gal-

195 887 352 946 licum)
374 891 518 933 dictis.
567 889 724 944 Itaque
742 891 824 932 hoc
843 891 1031 934 alterum
1052 890 1118 934 καὶ
1138 903 1238 932 cum
1259 899 1339 946 per
1359 904 1404 934 se
1419 892 1721 946 necessarium

195 947 272 995 sit,
304 948 415 989 nihil
438 950 598 990 morari
620 949 776 990 debet:
810 953 910 1004 post
936 953 1086 994 autem
1120 948 1186 1004 (in
1219 949 1284 990 καὶ
1319 965 1385 1005 πρ.
1422 948 1571 1004 ἐκεῖνον)
1604 956 1720 991 com-

194 1005 324 1047 mode
349 1007 555 1048 iteratum
587 1010 666 1049 est.
726 1006 845 1048 Nam
866 1008 1005 1063 priori
1038 1008 1133 1049 loco
1165 1008 1541 1062 exspectationem
1572 1009 1719 1048 movet

194 1061 442 1113 hominum,
473 1066 550 1120 qui
580 1069 861 1120 opponantur
899 1068 1018 1123 αὐτῷ.
1079 1065 1291 1120 Suspensi
1339 1076 1442 1119 ergo
1485 1077 1574 1107 non
1620 1065 1719 1122 sine

190 1121 341 1175 aliqua
362 1123 588 1178 voluptate
619 1128 839 1174 tenemur,
870 1124 1010 1165 donec
1029 1125 1132 1179 post
1162 1125 1367 1166 ultimum
1401 1122 1466 1164 καὶ
1499 1122 1639 1165 Stoici
1673 1126 1722 1164 et

191 1177 344 1232 Cynici
381 1185 790 1224 commemorentur.
871 1181 958 1223 Sed
995 1180 1201 1224 Reitzius
1223 1183 1315 1224 ibi:
1360 1180 1424 1222 καὶ
1452 1180 1569 1237 πρὸςε
1610 1181 1719 1222 nial-

190 1240 221 1260 “
243 1238 330 1279 lem
347 1238 456 1281 illud
476 1239 539 1280 καὶ
569 1240 737 1292 abesse,
767 1253 855 1281 non
876 1240 1007 1282 modo
1028 1241 1135 1294 quia
1168 1241 1225 1282 ab
1258 1240 1325 1281 καί
1345 1257 1448 1282 τινας
1467 1239 1524 1280 ad
1542 1246 1718 1281 versum

189 1298 224 1320 “
244 1295 346 1338 inde
371 1295 545 1339 12mum
565 1305 704 1352 usque
738 1297 854 1340 l2ies
884 1299 1125 1355 repetitum
1145 1297 1208 1340 καὶ
1238 1299 1398 1353 Ιοςαεςῇ
1419 1296 1496 1338 sed
1527 1308 1619 1350 qua
1651 1297 1721 1337 καῖ

187 1356 220 1378 “
244 1370 347 1395 τινας
364 1354 429 1396 καὶ
449 1355 566 1397 αὐτὸς
576 1358 672 1410 Jam
693 1356 976 1411 pleonasmus
996 1357 1092 1399 est”
1111 1361 1191 1399 etc.
1253 1356 1341 1399 Sed
1356 1359 1504 1397 tamen
1525 1354 1573 1394 in
1592 1360 1713 1408 seqq.

183 1408 278 1452 fere
299 1415 442 1454 mutat
456 1413 575 1454 dicta
590 1417 635 1454 et
654 1414 765 1454 alios
780 1426 955 1467 quoque
975 1415 1166 1469 repetita
1183 1414 1263 1456 hac
1276 1411 1587 1466 conjunctione
1606 1418 1715 1463 gau-

184 1468 285 1510 dere
310 1470 492 1511 fatetur.
555 1470 641 1520 Sed
673 1472 959 1513 confidentius
992 1471 1224 1514 Gottleber
1250 1473 1303 1514 de
1338 1471 1405 1510 his
1437 1466 1635 1509 Platonis
1664 1469 1714 1510 in

185 1523 366 1572 Menex,
387 1542 425 1569 e.
446 1526 488 1569 3.
520 1527 616 1583 ἥπερ
636 1526 749 1582 (scil.
767 1527 988 1584 Ἀσπασία)
1018 1526 1083 1570 καὶ
1104 1528 1248 1570 ἄλλους
1268 1524 1439 1570 πολλοὺς
1457 1524 1521 1565 καὶ
1541 1523 1716 1574 ἀγαθοὺς

183 1583 333 1627 {minoe
354 1585 533 1640 ῥήτορας,
565 1584 625 1627 ἕνα
647 1586 686 1627 δὲ
707 1586 771 1626 καῖ
794 1585 1015 1642 διαφέρονται
1046 1589 1120 1626 τῶν
1147 1585 1370 1630 εΕλλήνων,
1402 1581 1616 1637 Περικλέα,
1648 1580 1717 1631 τὸν

182 1640 432 1683 Ξανθίππου.
492 1640 544 1683 In
571 1643 707 1697 priori
738 1643 803 1683 καὶ
835 1645 907 1684 ille
939 1655 987 1684 se
1023 1653 1196 1695 semper
1227 1642 1404 1681 haesisse
1438 1639 1575 1687 dicit;
1608 1650 1712 1682 mox

182 1701 302 1741 enim
322 1698 367 1740 τὸ
387 1698 450 1739 καὶ
471 1702 592 1752 sequi
610 1714 619 1739 :
645 1701 691 1740 in
711 1712 799 1752 quo
821 1702 916 1741 vult
933 1699 1125 1750 intelligi
1149 1697 1258 1738 illud
1277 1701 1382 1739 ante
1400 1695 1588 1746 ἀγαθοὺς,
1609 1702 1711 1740 'eum

179 1759 330 1798 tamen
349 1760 531 1811 tangere
555 1755 736 1798 deberet
753 1757 979 1803 ultimum,
1010 1757 1114 1795 ante
1134 1753 1369 1808 διαφέροντα.
1431 1752 1605 1796 Pariter
1631 1767 1706 1810 ap.¹

182 1811 308 1856 Max.
331 1813 513 1867 Tyrium
533 1814 659 1856 xviii.
682 1812 723 1853 9.
757 1814 841 1854 vol.
866 1814 891 1854 i.
923 1825 968 1867 p.
991 1809 1089 1852 353.
1122 1812 1191 1853 ed.
1229 1810 1378 1852 Reisk.
1420 1811 1611 1854 editores
1644 1807 1712 1855 aa}

178 1873 294 1914 male
315 1873 606 1913 sustulerunt.
669 1870 796 1913 Nihil
817 1883 890 1925 ap.
913 1869 1107 1917 Graecos,
1134 1873 1177 1911 et
1194 1868 1385 1911 maxime
1406 1868 1596 1918 Atticos,
1628 1871 1711 1914 hoc

176 1930 369 1985 repetito
388 1929 452 1970 καὶ
473 1930 750 1983 frequentius
771 1932 854 1970 est.
892 1926 930 1969 E
948 1928 1042 1970 solo
1061 1927 1358 1983 Xenophonte
1372 1928 1470 1968 loca
1494 1928 1587 1976 haee
1605 1940 1709 1983 supe

177 1983 378 2042 peditare
398 1988 543 2029 visum
563 1990 653 2029 est:
688 1984 790 2039 Cyri
812 1985 934 2028 Disc.
955 1998 998 2028 v.
1028 1985 1066 2034 1,
1086 1985 1130 2027 2.
1164 1998 1202 2027 v.
1224 1985 1267 2033 2,
1288 1984 1357 2026 25.
1389 1999 1431 2028 v.
1451 1982 1496 2034 5,
1512 1984 1585 2027 46.
1608 1987 1706 2035 viii.

177 2044 224 2094 3,
252 2044 316 2087 14.
364 2043 523 2087 OEcon.
546 2045 606 2087 vi.
626 2044 669 2085 3.
717 2041 900 2085 Conviv.
922 2044 971 2086 ii.
993 2041 1067 2086 25.
1098 2044 1152 2085 de
1171 2055 1219 2086 re
1239 2057 1307 2097 eq.
1336 2045 1413 2085 vii.
1442 2041 1508 2085 19.
1538 2045 1592 2086 de
1613 2047 1706 2087 ma-

177 2105 306 2158 gistr.
327 2116 395 2157 eq.
418 2104 466 2144 ii.
487 2103 530 2144 7.
591 2102 694 2144 Alia
716 2102 761 2143 in
777 2102 920 2143 indice
938 2101 1055 2144 dedi.

234 2161 277 2204 2.
309 2161 548 2203 Simillima
568 2164 636 2201 est
665 2160 834 2215 copulae
855 2160 1137 2202 abundantia
1157 2161 1274 2201 clare
1301 2161 1345 2201 et
1377 2159 1613 2212 diligenter
1632 2159 1706 2202 ἀει

178 2219 471 2261 monstrandae
492 2218 557 2261 rei
577 2218 835 2259 inserviens.
894 2215 1098 2274 Xenoph.
1121 2216 1225 2272 Cyri
1245 2215 1442 2259 Dismiv.
1465 2216 1510 2266 2,
1535 2218 1574 2259 1.
1597 2222 1642 2260 et
1660 2217 1705 2266 2.

177 2279 349 2333 ἐχρῶντο
369 2279 499 2319 αὐτοῖς
519 2279 552 2318 οἱ
571 2275 779 2332 Ἀσσύριοι,
813 2276 935 2332 ὥσπερ
968 2275 1031 2317 καὶ
1053 2278 1084 2316 οἱ
1104 2273 1393 2324 Λακεδαιμόνιοι
1414 2278 1493 2316 τοῖς
1512 2273 1708 2331 Σκιρίταις

180 2366 191 2376 .
218 2366 228 2376 .
255 2367 266 2376 .
287 2334 583 2390 Στρατεύονται·
609 2365 619 2375 .
646 2365 656 2375 .
682 2363 692 2374 .
715 2332 809 2381 μεθ’
844 2333 962 2389 ὧνπερ
997 2333 1062 2374 καὶ
1096 2335 1231 2376 οἰκοῦσι
1251 2346 1294 2374 v.
1337 2332 1377 2381 1,ι
1406 2330 1477 2374 22.
1509 2332 1611 2375 ὅπως
1639 2331 1707 2375 καὶ

175 2394 430 2442 γιγνώσκητε,
462 2392 561 2433 οὕτω
591 2391 655 2432 καῖ
689 2393 851 2433 ποιεῖτε(
878 2389 992 2447 Exp.
1027 2388 1129 2444 Cyri
1157 2391 1233 2432 vii.
1258 2388 1301 2439 7,
1336 2388 1404 2432 47.
1430 2422 1440 2431 .
1468 2422 1478 2432 .
1505 2422 1515 2432 .
1539 2395 1707 2433 τοιοῦτον

176 2452 349 2498 ποιῆσαι,
371 2448 442 2492 οἷόν
462 2464 532 2505 περ
553 2450 617 2492 καὶ
636 2451 870 2505 παρέλαβες.
932 2450 1006 2491 Sic
1027 2453 1072 2491 et
1092 2447 1212 2490 HiSt.
1232 2446 1310 2490 Gr.
1332 2449 1390 2490 iv.
1412 2446 1456 2496 4,
1486 2447 1547 2490 15.
1569 2446 1700 2491 ῙΒΟΟΓ.

176 2506 311 2561 Evag,
344 2511 456 2556 extr.
488 2506 684 2563 ὀρέγεσθαι
719 2509 880 2556 τούτων,
922 2506 1039 2562 ὧνπερ
1071 2506 1137 2548 καὶ
1172 2511 1231 2548 νῦν
1266 2507 1455 2560 τυγχάνω
1487 2504 1700 2556 ἐπιθυμῶν.

176 2563 338 2607 AElian.
361 2562 416 2606 V.
442 2563 501 2606 H.
524 2578 568 2607 x.
594 2565 660 2606 ll.
688 2562 749 2605 ‘O
767 2564 804 2606 δὲ
828 2564 1056 2621 (Διογένης)
1076 2562 1171 2608 εἷπε·
1196 2562 1284 2606 τοὺς
1296 2563 1444 2605 εἰδότας
1459 2562 1485 2606 ἃ
1502 2563 1562 2605 δεῖ
1573 2564 1703 2621 &pir-⁴

177 2640 253 2664 τειν
274 2624 385 2679 ἐντῷ
404 2624 493 2679 βίῳ,
525 2622 588 2664 καὶ
611 2623 638 2665 ἃ
658 2621 718 2663 δεῖ
730 2625 866 2674 λέγειν,
897 2625 1054 2664 τούτους
1080 2640 1125 2672 γε
1149 2622 1218 2679 ζῇν
1235 2621 1414 2677 προσήκει
1433 2622 1537 2676 (leg.
1560 2621 1701 2678 προσή-

175 2679 285 2736 κειν),
317 2680 365 2721 ὧν
385 2680 449 2720 καὶ
469 2681 586 2723 αὐτὸς
616 2681 803 2730 ὡμολόγει
832 2679 934 2723 εἶναι.
994 2680 1100 2724 Non
1121 2681 1413 2722 necessariam
1435 2679 1504 2722 his
1525 2680 1570 2721 in
1590 2679 1699 2721 locis

176 2751 273 2790 esse
302 2738 521 2792 copulam,
551 2739 683 2780 facile
713 2739 990 2792 intelligitur.
1050 2736 1154 2780 Jam
1188 2738 1298 2780 illud
1330 2737 1470 2794 ‘neg'in
1501 2735 1619 2792 ὦνπερ
1654 2740 1700 2779 et

174 2794 247 2838 οἷόν
268 2810 338 2852 περ
358 2799 425 2838 est
441 2797 670 2851 perspicue
689 2796 1057 2840 demonstrantis:
1082 2796 1157 2838 sed
1179 2801 1232 2853 τῷ
1252 2793 1316 2836 καὶ
1333 2795 1541 2850 adjuncto
1560 2795 1698 2849 signi-

175 2854 322 2897 ficatio
341 2853 389 2894 fit
408 2854 635 2906 aliquanto
655 2855 846 2906 gravior.

233 2911 276 2953 3.
326 2910 411 2952 Sed
440 2915 588 2952 monet
618 2924 687 2952 me
717 2912 838 2953 locus
868 2909 1050 2960 AEliani,
1090 2911 1270 2953 omnino
1299 2908 1548 2965 pronomini
1579 2908 1698 2951 azia-b:

176 2969 378 3027 praeponi
397 2969 535 3012 solere
564 2971 629 3014 καὶ
661 2981 742 3025 per
769 2970 1091 3026 pleonasmum,
1120 2981 1250 3026 quem
1271 2969 1342 3015 hic
1361 2968 1692 3018 commemorari
