1838 3164
170 102 262 150 356
720 116 918 151 ELL1P81S
940 116 1178 152 NOMINUM.

169 216 386 318 {Zomam's
408 215 617 263 militibus
643 217 990 278 (existentibus),
1016 226 1094 263 aut
1123 234 1190 263 me
1203 233 1303 278 rege
1330 219 1540 266 Romanis
1557 221 1692 279 (exis-

193 277 554 392 θᾞθὲιιῗξέἰέθῗῖ
565 310 716 394 lphig.
740 335 874 380 Taur.
905 350 997 380 ver.
1038 336 1106 380 15.
1139 337 1256 382 δεινῆς
1289 339 1466 382 οἶπλοίαε.
1541 303 1693 381 Mark-

172 393 358 436 landus:
407 401 437 420 ‘⁶
461 394 567 437 Scil.
603 395 760 438 02507253'
791 408 894 436 mox
929 396 1116 437 addens:
1151 401 1181 421 ‘⁶
1203 394 1414 448 Ἀπλοίας,
1442 396 1690 439 absolute.’'

171 449 416 501 Posterius,
443 453 554 494 nihil
574 456 625 494 ut
644 453 946 500 subaudiatur,
966 453 1109 506 magis
1131 454 1288 508 placet.
1321 452 1454 496 Conf.
1486 452 1692 496 Homeri-

170 521 274 553 cum
288 511 464 558 νηνεμίης
482 508 611 553 Iliad.
628 508 680 551 E.
705 523 746 549 v.
769 509 866 551 523.
899 507 1107 552 ScHAEF.

640 603 665 627 ³¹⁵
682 597 750 640 Τοὶ
770 597 951 650 ΩΝΙΑ,
982 598 1240 644 MERCES.
1591 637 1594 641 .
1615 639 1620 646 .

228 665 537 722 Xenophontis
563 666 797 714 Ἀπομνημ.
815 665 882 708 iii.
897 664 942 715 17,
961 664 1001 707 6.
1019 668 1052 707 οἱ
1074 668 1109 707 ἐν
1130 671 1182 723 τῇ
1198 670 1319 723 α’γορᾷ
1337 669 1697 718 μεταβαλλόμενοι,

171 724 362 767 subaudi
389 724 442 766 τοὶ
468 724 572 772 ὥνια,
603 725 635 765 i.
668 737 710 764 e.
747 722 825 780 qui
854 721 904 765 in
922 722 1028 779 foro
1066 737 1220 767 merces
1248 731 1508 782 permutant.
1539 725 1696 768 Lmsu.

171 781 398 825 Diodorus
416 780 506 824 Sic.
538 794 581 824 v.
602 795 640 823 c.
666 781 729 823 13.
788 779 933 823 Ταῦτα
960 783 1273 838 συναγοράζοντες
1306 785 1461 840 ’ἔμποροι
1490 783 1555 825 καῖ
1575 800 1700 833 μετα-

171 841 408 890 βαλλόμενοι
424 840 638 894 κομίζουσιν
657 857 695 880 κ.
715 856 756 880 τ.
774 847 817 880 λ.
874 838 1124 894 Interpres:
1156 839 1243 882 Eos
1251 840 1565 896 permutatione
1593 854 1702 883 mer·

170 896 290 940 cium
307 897 371 940 vel
383 897 578 953 pecum'ae
603 895 891 953 negotiatores
917 897 1124 939 co'e'mzmt.
1183 897 1212 939 J
1217 899 1344 939 unxit
1374 900 1513 952 igitur
1543 916 1700 948 συναγο-

170 958 350 1013 ράζοντες
369 959 413 997 et
431 957 783 1004 μεταβαλλόμενοι.
843 953 961 997 Mihi
982 955 1188 996 videntur
1203 957 1446 1010 jungenda,
1460 961 1512 998 ut
1531 957 1702 1004 diversa

172 1026 338 1067 genera
358 1016 667 1060 mercatorum,
697 1014 852 1067 ’ἔμποροι
873 1016 918 1054 et
946 1014 1301 1061 μεταβαλλόμενοι.
1365 1014 1438 1055 Sic
1456 1013 1700 1068 Xenophon

172 1071 202 1113 l.
224 1085 263 1113 c.
281 1070 307 1116 ἢ
323 1069 411 1112 τοὺς
440 1072 627 1125 ἐμπόρους
645 1070 671 1116 ἢ
693 1069 781 1112 τοὺς
802 1072 837 1112 ἐν
867 1074 920 1126 τῇ
938 1073 1059 1127 οἷ’γορᾷ
1078 1073 1463 1119 μεταβαλλομένους.
1496 1069 1704 1114 Ceterum

174 1127 320 1171 Graeci
339 1127 683 1177 μεταβάλλεσθαι,
717 1127 979 1178 μεταβολεὺς,
1010 1130 1231 1177 μετάβολος
1264 1129 1448 1184 speciali
1481 1142 1617 1171 sensu
1647 1129 1703 1172 de

173 1190 427 1228 mercatura
458 1186 653 1228 dicentes
696 1199 785 1228 non
821 1187 964 1240 magis
996 1186 1050 1228 de
1083 1187 1227 1241 ellipsi
1257 1188 1526 1240 cogitarunt,
1564 1199 1702 1242 quam

173 1244 254 1298 qui
276 1257 393 1343 nugo
413 1245 656 1288 vernaculis
674 1245 842 1299 linguis
872 1245 1040 1287 similia
1073 1246 1206 1287 verba
1239 1245 1294 1288 de
1311 1245 1468 1288 eadem
1499 1258 1549 1288 re
1577 1257 1705 1287 usur-

174 1305 302 1359 pant.
372 1315 542 1346 anmv.
825 1328 827 1330 v

718 1396 742 1422 ψ
773 1379 931 1445 ΩΟΝ,
960 1391 1157 1437 OVUM.

231 1468 422 1512 Videtur
452 1469 875 1523 subintelligendum
910 1469 958 1510 in
994 1468 1231 1517 Ἀνεμιαῖον,
1263 1481 1390 1511 ovum
1422 1467 1596 1512 irritum
1625 1481 1702 1511 seu

170 1527 521 1573 subventaneum‚
553 1527 672 1581 apud
703 1526 1001 1568 Menandrum
1030 1526 1079 1567 in
1099 1524 1386 1581 Fragmentis,
1404 1526 1477 1569 37.
1537 1525 1589 1568 In
1622 1525 1704 1568 Ζε-

174 1589 289 1641 φύρια
317 1588 468 1625 autem
507 1584 663 1623 itidem
699 1583 886 1623 subaudi
925 1584 996 1624 ὠά.
1028 1581 1194 1625 LmsN.
1273 1583 1405 1626 Unde
1437 1583 1594 1627 didicit
1633 1584 1704 1626 vir

173 1644 346 1690 doctus,
384 1639 680 1681 Menandrum
715 1638 778 1693 (p.
812 1638 887 1681 36.
927 1638 1068 1695 Cler.)
1097 1644 1286 1690 ἁνεμιαῖον
1314 1641 1368 1683 de
1400 1654 1477 1682 ovo
1517 1642 1701 1690 dixisse,

176 1704 274 1748 aut,
298 1700 334 1741 si
355 1698 472 1740 forte
493 1697 548 1738 de
568 1709 651 1738 ovo
671 1695 802 1744 dixit,
836 1708 986 1738 vocem
1005 1696 1071 1737 ὠὸν
1092 1710 1189 1738 esse
1221 1698 1308 1737 κατ’
1337 1698 1510 1746 ’ἔλλειψιν
1543 1700 1705 1741 subau-

175 1757 424 1800 diendum?
456 1753 666 1796 Ceterum
687 1754 800 1794 miro
831 1766 996 1802 errore,
1018 1766 1118 1806 quae
1153 1753 1313 1797 Suidas
1339 1756 1548 1797 continuo
1580 1757 1704 1798 addi-

174 1817 259 1865 dit,
295 1826 478 1868 quaeque
515 1810 808 1853 Grammatici
848 1816 968 1860 sunt,
1000 1824 1088 1852 non
1126 1811 1283 1867 po‘e'tae,
1321 1813 1471 1861 verba,
1511 1813 1565 1854 τοὶ
1605 1813 1707 1868 δίχα

174 1876 398 1929 σπέρματος
424 1870 587 1926 ἅῤῥενος,
616 1874 667 1912 ut
702 1869 883 1911 initium
903 1869 1094 1911 trimetri
1112 1871 1314 1924 proxime
1334 1871 1578 1923 sequentis,
1615 1884 1705 1914 me-

176 1936 248 1974 tro
267 1931 526 1983 illigarunt:
557 1928 633 1981 qui
665 1941 785 1970 error
812 1927 898 1982 ipsi
931 1925 1103 1969 Clerico
1123 1928 1330 1970 suboluit.
1391 1927 1520 1970 Conf„
1553 1927 1703 1972 Schol.

175 1990 233 2031 ad
254 1987 438 2030 Lucian.
455 1990 491 2029 t.
515 1987 546 2027 i.
569 1999 614 2040 p.
637 1985 736 2028 531.
792 1984 1019 2033 ‘Tvme'moe
1034 1988 1211 2036 λε’«γονται
1226 1987 1280 2028 τοὶ
1307 1986 1406 2040 δίχα
1430 1987 1622 2028 συνουσίας
1638 1988 1704 2030 καὶ

176 2043 643 2099 mifiricum—Hesychius
676 2047 708 2084 t.
733 2044 763 2084 i.
784 2056 822 2085 c.
861 2042 985 2085 1583.
1016 2043 1206 2100 Ζεφύρια.
1241 2046 1432 2094 ὑπηνέμια
1457 2045 1528 2086 ὠσὶ.
1559 2057 1584 2086 e
1614 2058 1706 2099 qua.

178 2106 327 2158 glossa
347 2104 485 2144 nolim
506 2115 589 2155 ego
608 2101 785 2154 quidem
803 2101 1029 2154 colligere,
1052 2101 1234 2158 ζεφύρων,
1251 2108 1300 2145 ut
1316 2101 1525 2144 Leisnero
1544 2103 1706 2158 placet,

177 2175 208 2205 a
227 2173 452 2216 quoquam
473 2160 739 2214 'scriptorum
760 2157 1014 2200 Graecorum
1031 2160 1199 2202 ἐλλιπῶς
1227 2161 1282 2202 de
1301 2173 1384 2202 ovo
1403 2160 1570 2202 dictum
1589 2173 1702 2202 esse.

177 2218 438 2262 Aristotele-s
458 2217 639 2271 quidem
675 2215 795 2259 Hist.
826 2216 912 2258 An.
937 2217 995 2258 vi.
1028 2216 1071 2257 2.
1093 2231 1135 2272 p.
1157 2217 1259 2259 326.
1293 2217 1414 2259 Cam.
1445 2216 1629 2272 ’Ζεφύρια
1664 2217 1705 2260 δὲ

178 2281 360 2320 καλεῖται
399 2275 451 2317 τοὶ
483 2277 674 2323 ὑπηνέμια
697 2276 770 2316 ὑπό
800 2290 920 2316 τινων.
951 2274 1028 2316 sed
1060 2287 1160 2317 cum
1195 2278 1289 2316 toto
1309 2276 1387 2316 illo
1416 2277 1512 2317 loco
1530 2274 1585 2316 de
1606 2276 1702 2317 ovis

177 2338 353 2390 agatur,
375 2347 463 2375 non
481 2333 574 2374 veri
604 2332 795 2374 nominis
829 2333 1015 2387 ellipsis,
1051 2332 1127 2374 sed
1158 2333 1399 2386 syntactica
1433 2339 1517 2374 est.
1579 2332 1706 2375 Alter

180 2392 432 2435 Aristotelis
455 2391 592 2438 locus,
623 2405 712 2445 quo
732 2388 794 2432 H.
817 2389 1071 2446 Stephanus
1091 2391 1246 2438 utitur,
1269 2399 1485 2444 quemque
1504 2388 1704 2434 Leisneri

179 2452 401 2494 rationem
441 2449 558 2490 tueri
594 2449 844 2503 suspiceris,
880 2461 909 2490 a
950 2446 1058 2490 Viro
1097 2448 1279 2490 Summo
1314 2449 1461 2490 minus
1495 2452 1702 2491 accurate

181 2509 447 2563 exscriptus,
468 2506 532 2548 Sic
553 2506 710 2548 habet:
746 2505 979 2547 Συνίσταται
1013 2507 1083 2555 μὲν
1112 2504 1172 2548 οὖν
1194 2506 1382 2554 κυήματα
1402 2509 1480 2547 τοῖς
1500 2505 1608 2562 ’ὄρνισι
1637 2506 1704 2548 καῖ

183 2567 411 2613 αὐτόματα,
441 2562 468 2606 ἃ
487 2567 662 2606 καλοῦσιν
694 2565 883 2612 ὑπηνέμια
902 2563 966 2605 καῖ
997 2564 1152 2619 ξεφύριοὶ
1180 2581 1289 2607 τινες.
1309 2568 1344 2606 t.
1366 2565 1414 2607 ii.
1447 2577 1494 2621 p.
1516 2562 1616 2606 641.
1647 2561 1700 2606 Ε.

185 2620 550 2677 Duva11.(1654.)
583 2621 786 2664 SanEF.
1066 2664 1070 2684 1

617 2721 758 2772 ΩΡΑ,
788 2722 976 2775 HORA,
1018 2719 1278 2768 TEMPUS.

244 2796 402 2841 Deficit
421 2800 503 2841 hoo
522 2798 847 2840 substantivum
868 2799 914 2840 in
933 2800 1160 2853 adjectivis
1175 2798 1378 2842 feminini
1398 2799 1586 2853 generiS‚
1617 2801 1668 2840 ut
1689 2811 1701 2839 :

186 2855 378 2914 ἧπρωΐα,
408 2861 454 2898 et
472 2855 666 2905 ἦὲωθινῆ,
694 2856 921 2900 matutina.
982 2856 1216 2911 Polybius:
1249 2857 1323 2899 ὑπὸ
1342 2857 1411 2900 τὴν
1431 2855 1601 2905 ἐωθινῆνρ
1630 2854 1708 2898 sub

187 2913 399 2973 (tempus)
416 2913 690 2963 matutinum.
752 2913 826 2959 Sic
847 2916 895 2960 in
913 2916 1083 2973 μακρὰν,
1113 2928 1245 2972 quum
1267 2915 1488 2970 significat
1520 2913 1614 2966 diu,
1634 2913 1704 2958 vel
