1838 3164
538 138 598 179 IN
627 133 833 176 GRAECA
859 133 1087 174 LINGUA.
1509 134 1584 176 161

72 255 226 302 contra
245 252 364 304 leg-es
387 251 712 304 grammaticas,
743 253 792 291 ut
828 249 873 291 in
904 246 998 297 hoc,
1029 246 1102 288 des
1128 246 1288 295 nachar,
1316 249 1433 302 quod
1455 261 1591 302 quum

72 309 336 359 femininum
357 322 452 350 esse
470 308 662 354 deberet,
698 306 988 348 masculinum
1009 308 1090 352 est,
1110 305 1321 358 quoniam
1336 311 1493 348 caetera
1511 308 1589 349 hu-

66 365 264 420 ,insmodi
280 365 490 415 adverbia
511 380 535 408 e
556 364 810 407 masculinis
831 362 1079 405 nominibus
1100 365 1199 403 orta
1218 370 1336 404 sunt.

129 423 219 467 Sed
251 423 360 466 satis
387 425 493 478 jam>
505 423 679 466 videtur
697 421 861 464 dictum
890 433 985 463 esse
1017 419 1073 461 de
1106 419 1322 469 fontibus,
1353 424 1589 476 exquibus

70 480 196 525 falsae
213 482 439 524 nominum
474 481 649 535 ellipses
669 481 1022 534 promanarunt„
1063 475 1176 519 Illud
1215 491 1352 519 unum
1379 479 1588 533 adjicien-

70 537 178 582 dum
208 538 334 587 duxi,
364 537 479 592 quod
499 538 574 580 vix
594 541 662 579 est
680 537 906 584 credibile,
942 535 1163 577 interdum
1184 535 1318 577 etiam
1337 537 1589 590 hujusmodi

67 595 261 654 ellipses,
280 610 376 650 quae
397 609 504 638 sano
524 595 694 637 homini
716 594 762 635 in
781 598 969 636 mentem
991 594 1139 635 venire
1158 597 1396 645 nequeant,
1429 608 1456 635 a
1489 596 1589 636 doc·-

69 653 256 710 tissimis
276 654 383 696 viris
412 653 687 706 excogitatas
709 665 818 693 esse.
876 649 1089 705 Exemplo
1117 650 1177 692 sit
1209 649 1420 693 Brunckii
1455 653 1595 693 adno-

68 711 184 756 tatio
201 710 259 759 ad
279 708 502 764 Euripidis
523 709 740 752 Phoeniss.
763 722 799 749 v.
831 708 929 750 333.
959 720 1093 762 quam
1126 707 1389 751 Schaeferus
1420 722 1465 763 p.
1488 710 1595 751 324.

67 765 234 811 attulit.
296 763 444 810 Verba
476 774 617 823 poetae
646 769 738 809 haec
770 768 895 808 sunt:
927 763 1012 807 ὅθεν
1047 766 1142 815 ἐμάν
1163 782 1203 806 τε
1225 767 1442 821 λευκόχροα
1475 770 1591 822 κείρο-

65 842 150 875 aar
171 825 420 884 δάκρυόεσσαν
453 827 548 867 ἱεῖσα
579 824 756 881 πενθήρη
789 824 923 873 κόμαν.
983 821 1075 864 Ubi
1112 821 1378 871 Brunckius,
1410 828 1591 878 pronior
1607 826 1685 868 128

66 882 275 933 illealias
295 885 350 926 ad
370 883 693 926 emendandum
729 881 975 924 inauditam
998 894 1140 935 neque
1172 881 1260 922 ullo
1287 885 1418 935 pacto
1450 882 1592 924 feren-

64 935 172 997 dam
212 942 561 984 comminiscitur
594 940 771 995 ellipsin
803 939 996 981 nominis
1037 937 1155 992 φωνή.
1227 935 1315 984 Qui
1347 940 1593 982 rectissime

66 997 198 1047 vidit,
242 1000 388 1042 locum
427 1003 679 1054 corruptum
720 1010 829 1047 esse,
864 994 1103 1043 PorsonuS,
1149 995 1388 1049 reperisset
1436 998 1593 1046 etiam,

0 1100 4 1104 ,
67 1056 184 1111 quod
206 1061 364 1112 sponte
383 1070 430 1098 se
450 1056 595 1104 offert,
615 1056 892 1096 lenissimum
914 1053 1173 1103 remedium,
1193 1053 1297 1101 nisi,
1319 1053 1438 1106 quod
1458 1057 1593 1098 toties

65 1111 278 1156 accidisse
313 1115 525 1161 dolemus,
567 1113 857 1167 antistrophae
895 1124 996 1152 eum
1031 1111 1281 1152 latuissent.
1342 1110 1595 1165 Scripserat

65 1168 322 1227 Euripides:
349 1170 480 1214 ‘'OSev
502 1173 598 1222 ἐμάν
618 1189 659 1213 τε
682 1171 898 1226 λευκόχςοα
922 1170 1111 1224 κείρομαι,
1134 1167 1372 1223 Δακρυόεσσ’
1397 1167 1593 1210 ἶάνἸεῖσα

67 1226 255 1286 πενθήρη,
286 1230 423 1279 κόμαν.
640 1226 644 1232 ’

526 1317 581 1361 V.
614 1317 682 1360 De
702 1315 862 1374 Euipsz·
891 1314 1135 1357 Verborum.

125 1395 195 1452 Ab
231 1397 459 1438 nomlnum
491 1395 637 1449 ellipsi
676 1394 733 1435 ad
767 1392 944 1446 ellipsin
981 1390 1211 1432 verborum
1250 1391 1515 1439 accedimus,
1547 1394 1594 1435 in

64 1459 151 1512 quo
169 1466 348 1508 genere,
383 1461 585 1507 utsupra
621 1451 980 1504 significavimuS,
1015 1447 1154 1488 multo
1183 1449 1327 1489 rarius
1362 1454 1594 1503 peceatum

65 1515 153 1569 est.
183 1510 185 1516 ’
212 1509 299 1554 Sed
319 1523 457 1566 quum
481 1510 550 1551 hic
569 1521 741 1562 quoque
762 1519 851 1548 non
869 1518 986 1547 unus
1003 1517 1197 1546 errorum
1208 1505 1310 1546 fons
1332 1509 1594 1562 reperiatur,

66 1565 314 1624 timeamus,
335 1581 433 1622 quae
454 1569 498 1608 in
520 1568 603 1608 hoc
622 1579 780 1619 genere
800 1564 1036 1619 potissima
1057 1567 1172 1604 sunt.

125 1623 188 1679 Ag
208 1627 353 1684 primo
373 1637 489 1680 saepe
509 1624 594 1665 viri
614 1623 728 1665 docti
765 1635 869 1670 non,
899 1620 966 1662 uti
999 1620 1197 1667 decebat,
1231 1620 1348 1662 illius
1379 1623 1501 1663 verbi
1534 1624 1594 1663 el-

68 1682 205 1738 lipsin
225 1683 536 1732 adhibuerunt,
565 1681 683 1734 quod
718 1683 823 1720 ante
843 1678 932 1719 alia
965 1677 1152 1731 simplex
1183 1683 1315 1728 esset,
1345 1679 1420 1719 sed
1452 1693 1594 1721 remo-

65 1741 160 1793 ῐίιιις,Δ
185 1740 391 1795 quiddam
420 1744 466 1780 et
497 1738 759 1791 exquisitius
787 1734 1026 1779 commenti
1058 1739 1177 1782 sunt,
1209 1735 1325 1788 quod
1354 1736 1412 1776 ob
1443 1737 1488 1777 id
1526 1739 1594 1791 ip-

66 1810 183 1847 sum,
211 1799 319 1854 quia
349 1797 483 1839 nimis
503 1796 730 1849 singulare
750 1798 833 1841 est,
865 1793 922 1834 ab
943 1792 1148 1846 ellipseos
1180 1794 1343 1833 natura
1371 1793 1592 1836 abhorret.

66 1853 293 1898 E·usmodi
310 1867 502 1897 errorem
526 1853 699 1895 notavit
720 1851 983 1893 Schaeferus
1012 1863 1059 1904 p.
1078 1848 1180 1891 371.
1213 1849 1260 1890 ἰη
1279 1850 1427 1891 verbis
1449 1853 1488 1891 τί
1509 1853 1598 1899 ἐμοΐ

65 1914 181 1956 ‘foveo
216 1913 550 1965 intelligendum
578 1924 671 1952 esse
704 1910 782 1950 ἐστὶ
823 1920 1021 1950 monens.
1080 1906 1214 1948 Aliud
1248 1909 1496 1963 exemplum
1525 1917 1595 1950 est

38 1983 108 2027 'p.
130 1969 228 2014 363.
259 1971 333 2013 ubi
367 1983 447 2012 cur
480 1969 539 2010 ad
572 1970 681 2018 haec,
713 1969 763 2008 ὣς
797 1969 990 2019 εὐτυχῶς,
1021 1964 1079 2004 ὅτι
1109 1967 1175 2005 οὐκ
1208 1963 1400 2016 ἐλήφθην,
1432 1966 1592 2019 aliquis
1640 1996 1643 1999 .

66 2027 362 2086 ἀπηλλάχθω.
408 2039 539 2080 quam
573 2028 720 2075 ἐγένετο
757 2024 946 2077 intelligi
988 2021 1129 2069 malit,
1170 2021 1281 2070 nihil
1314 2034 1479 2064 caussae
1509 2029 1589 2065 est.

66 2081 195 2143 Nam,
211 2085 328 2140 quod
362 2085 625 2126 Schaeferus
655 2083 711 2125 ad
743 2095 843 2123 eum
862 2081 1004 2122 locum
1035 2078 1220 2132 judicat,
1255 2080 1303 2120 in
1336 2079 1590 2133 hujusmodi
1611 2088 1686 2129 129

68 2141 464 2186 exclamationibus
500 2142 614 2184 nihil
647 2138 1000 2182 subaudiendum
1033 2149 1145 2184 esse,
1180 2137 1224 2177 id
1245 2149 1398 2178 vereor
1416 2142 1467 2179 ut
1501 2140 1592 2180 cui-

69 2213 205 2254 quam
232 2201 498 2256 probaturus
517 2200 593 2247 sit,
622 2196 977 2252 quandoquidem
999 2194 1170 2236 nullum
1201 2194 1474 2244 adverbium,
1506 2198 1594 2238 nisi

69 2255 252 2302 verbum
274 2258 472 2306 accedat,
501 2270 582 2312 per
603 2269 648 2298 se
683 2255 874 2308 aliquem
910 2265 1082 2294 sensum
1109 2251 1291 2307 praebet.
1353 2249 1496 2294 Immo
1515 2255 1597 2300 vix

64 2315 159 2358 ulla
177 2317 287 2359 mihi
311 2315 483 2357 videtur
503 2313 784 2356 manifestior
802 2325 898 2354 esse
918 2310 1101 2364 ellipsis.

126 2371 238 2415 Aliae
274 2373 504 2415 verborum
542 2372 719 2426 ellipses
751 2370 1009 2422 excogitatae
1046 2367 1245 2414 fuerunt,
1288 2366 1364 2407 nbi
1401 2366 1498 2407 duae
1527 2368 1592 2408 lo-

67 2424 303 2484 quutiones
330 2430 521 2472 confusae
552 2433 674 2476 sunt,
717 2429 802 2476 vel,
832 2425 949 2480 quod
990 2424 1308 2479 propemodum
1348 2424 1467 2465 idem
1509 2430 1592 2471 est,

68 2487 145 2530 ubi
180 2487 352 2542 aliquid
386 2488 442 2528 ad
475 2487 536 2535 id,
566 2487 683 2541 quod
716 2489 863 2527 mente
895 2483 1130 2536 cogitatur,
1167 2495 1252 2523 non
1287 2482 1343 2523 ad
1376 2482 1437 2529 id,
1475 2482 1592 2535 quod

69 2545 208 2587 verba
236 2558 317 2601 per
345 2557 391 2586 se
425 2545 693 2597 significant,
724 2543 927 2584 refertur.
989 2538 1246 2593 Cujusmodi
1281 2543 1365 2586 est,
1395 2541 1514 2591 quod
1546 2554 1590 2594 p.

68 2601 169 2645 380.
201 2605 588 2648 commemoratum
612 2606 707 2643 est:
737 2599 847 2648 Ἐγὼ
882 2600 951 2647 μὲν
980 2595 1040 2638 οὗν
1073 2598 1111 2638 ἐς
1145 2597 1189 2637 τὸ
1221 2599 1420 2644 βαλανεῖον
1453 2600 1592 2644 βούλο-

67 2677 158 2709 μαι,
186 2661 305 2716 quod
335 2672 415 2701 nos
450 2672 628 2714 prorsus
657 2658 811 2700 eodem
843 2656 972 2698 modo
1016 2654 1219 2705 dicimuS,
1263 2654 1374 2695 nihil
1415 2656 1590 2709 suppri-

65 2717 249 2774 mentes.
309 2715 612 2759 Commutatio
633 2717 751 2758 enim
789 2714 1025 2756 verborum
1057 2716 1143 2760 est,
1172 2724 1309 2765 quum
1341 2709 1448 2752 velle
1481 2713 1590 2752 dici-

66 2772 166 2830 m‘us
197 2788 281 2832 pro
323 2773 509 2816 tendere.
583 2773 743 2827 Neque
776 2772 894 2814 enim
931 2769 1174 2824 quidquam
1205 2769 1416 2810 omissum
1447 2773 1513 2809 est
1543 2771 1591 2810 in

70 2832 167 2881 hbe,
198 2835 332 2884 ἱέμενοι
350 2831 579 2881 ωολεμόνδε.
640 2830 715 2873 Sic
745 2831 881 2872 etiam
902 2830 948 2869 in
982 2827 1063 2869 hoc
1090 2825 1305 2868 Homeri:
1332 2825 1523 2878 ‘Hvs'oxor
1553 2826 1589 2866 δ’

65 2890 201 2938 ἵμασεν
221 2891 486 2945 καλλίτριχας
515 2890 655 2931 ἵππους
675 2888 792 2934 Νῆσις
824 2887 885 2928 ἐπὶ
904 2886 1123 2940 «γλαφυράς.
1184 2883 1310 2925 Nihil
1331 2884 1501 2924 diversa
1522 2888 1591 2923 est

65 2949 180 2994 ratio
201 2945 436 3005 ,Sophoclel
468 2947 550 2994 loci
574 2948 620 2991 in
643 2947 870 3003 Antigona
898 2958 935 2984 v.
964 2941 1065 2989 857.
1116 2939 1338 2990 ”Εψαυσας
1369 2942 1592 2989 ἀλγεινοτά-
