1838 3164
88 136 91 139 >
172 122 258 166 268
711 135 909 174 ELLIPSIS
931 133 1163 169 NoMmUM.
1210 105 1218 109 ⁴

178 238 441 282 subauditur
482 237 598 295 σάρξε
666 239 734 281 uti
785 240 920 280 etiam
963 236 1073 278 Βόεια
1123 242 1189 280 est
1223 236 1340 292 apud
1387 237 1682 283 Alexandrum

179 296 415 350 Aphrodis.
449 310 679 352 suppressa
712 312 750 338 v.
788 300 892 353 κρέα.
968 294 1123 338 Carnes
1159 295 1333 337 bubulce.
1404 295 1519 338 Vid
1545 296 1681 340 Henr.

181 354 393 408 Stephani
417 354 546 396 Thes.
575 354 652 396 Gr.
673 353 774 409 L.p
781 353 917 396 .779.
977 351 1138 395 Eadem
1160 353 1338 408 Ellipsis
1353 355 1523 396 v1detur
1542 357 1683 398 locum

182 413 342 453 habere
358 414 472 467 apud
495 412 764 454 Clementem
796 411 1027 454 Alexandr.
1062 410 1268 454 stromat.
1310 410 1386 452 lib.
1421 412 1496 453 vii.
1519 412 1680 466 p..716

177 468 286 518 Ἐ’γώ
319 471 394 523 ’γὰρ
426 474 491 511 οὐκ
513 470 627 511 ἐσθίω
657 474 798 519 «γλυκεῖ’
781 489 838 511 mcv
872 469 953 511 οὐδὲ
986 487 1043 517 μη
1069 471 1138 511 ίαν.
1172 484 1207 511 S.
1241 470 1375 525 σάξκα.
1436 468 1553 525 [Hoc
1589 471 1683 512 loco

180 528 335 568 vellem
372 527 669 569 Schwebelius
701 527 1000 569 abstinuisset.
1068 527 1256 583 cumn]
1317 526 1388 568 Sic
1417 528 1531 581 apud
1565 526 1684 570 Lati-

182 597 260 626 nos
298 597 472 638 quoque
507 586 553 627 in
588 585 760 633 bubula,
795 584 949 642 ferina
979 584 1159 641 agnina,
1195 588 1276 626 cet.
1307 585 1507 626 absolute
1526 585 1685 641 positis

181 655 279 740 garo
301 643 571 686 subauditur.
632 642 684 685 V
719 642 904 685 Vossius
943 643 996 684 de
1030 642 1275 685 Construct.
1309 655 1406 697 cap.
1440 644 1498 684 vi.
1533 656 1578 698 p.
1615 642 1682 685 17.

217 713 395 742 cquB.

605 776 910 827 Σ-ΕΑΎΤΟΝ,
951 777 1024 820 ΤΕ
1050 776 1260 819 IPSUM.

241 850 484 892 Pronomen
501 850 583 892 hoc
603 852 801 904 intellige
823 853 868 893 in
891 853 1189 906 imperativisa
1219 851 1363 900 ἄπαγε,
1382 851 1532 899 abduc,
1545 853 1686 901 ὕπαγε,

179 908 352 956 subduc,
372 922 469 961 quae
490 909 602 949 male
632 921 659 949 a
686 909 994 951 Grammaticis
1018 912 1061 950 in
1083 910 1290 950 adverbia
1324 915 1427 951 sunt
1455 911 1686 951 translata.

183 966 415 1021 Reperitur
444 966 560 1019 apud
598 964 938 1019 Aristophanem
975 968 1102 1021 plene
1132 968 1320 1007 dictum:
1345 966 1510 1015 ’‘A‘nwye
1533 967 1687 1008 σεαυτὸν

181 1026 222 1065 ἐκ
241 1024 382 1070 ποδῶν,
414 1023 529 1075 quod
550 1021 733 1064 Plautus
750 1025 951 1067 imitatus
970 1025 1104 1065 dixit:
1140 1023 1292 1079 Apage
1305 1029 1344 1065 te
1363 1038 1390 1065 a
1409 1038 1489 1073 me,
1518 1024 1565 1066 in
1585 1023 1689 1065 Am-

179 1082 316 1136 phitr.
332 1080 428 1122 Act.
452 1081 498 1121 ii.

239 1139 264 1165 *
296 1138 369 1179 Sic
407 1138 522 1192 apud
554 1136 834 1180 Theocritum
857 1137 980 1191 Idyll.
1019 1139 1047 1179 i.
1084 1138 1150 1181 62.
1182 1138 1356 1187 Πότανγᾈ
1393 1138 1422 1180 ὦ
1452 1137 1582 1188 ’γαθέ
1610 1139 1688 1181 ubi

181 1197 314 1237 schol.
337 1195 417 1236 Gr.
440 1196 664 1250 προσάγαγε
686 1198 850 1237 σεαυτόν.
912 1194 1022 1237 Item
1055 1198 1098 1237 in
1136 1198 1485 1252 proverbialibus
1519 1198 1606 1238 illis
1627 1198 1687 1238 lo-

179 1255 449 1302 cutionibus,
483 1252 607 1294 Βοέλλ’
632 1255 681 1294 εἱς
710 1255 888 1309 κόρακας,
937 1253 1060 1295 Βοίλλ’
1084 1257 1134 1296 εἰς
1153 1253 1321 1309 ἕλεθρον,
1358 1253 1431 1296 abi
1459 1253 1508 1295 in
1535 1254 1690 1297 malam

180 1325 282 1358 rem,
316 1324 551 1366 suppressa
570 1314 636 1352 est
664 1324 748 1352 vox
771 1330 808 1352 σε
795 1314 937 1353 :ava-dv.
997 1312 1097 1353 Vid.
1133 1311 1316 1353 Zenobii
1342 1311 1545 1353 Proverb.
1577 1311 1687 1354 Cen—

181 1374 265 1411 tur.
289 1370 333 1410 ii.
358 1383 402 1423 p.
426 1369 496 1410 48.
539 1367 701 1409 Eadem
724 1370 805 1410 hac
824 1370 966 1424 ellipsi
976 1370 1146 1436 saepius
1167 1374 1349 1411 utuntur
1368 1371 1500 1410 etiam
1523 1368 1688 1411 Latini.

180 1426 409 1468 Terentius
432 1426 621 1480 Adelph.
644 1425 741 1468 Act.
767 1441 806 1467 v.
843 1427 912 1468 Sc.
945 1427 1037 1471 viii.
1074 1441 1161 1469 ver.
1204 1426 1265 1468 14.
1304 1426 1499 1469 meanis?
1531 1426 1689 1482 aufer:

181 1485 256 1525 ubi
282 1483 507 1526 Donatus.
537 1498 615 1540 pro
639 1498 687 1525 eo
710 1483 823 1540 quod
842 1483 1003 1532 estam,
1033 1485 1168 1535 utini,
1198 1483 1393 1541 auferte.
1454 1484 1526 1525 Sic
1545 1483 1690 1538 Virgi-

181 1543 268 1583 lius
289 1540 387 1582 AEn.
410 1543 483 1583 lib.
509 1543 550 1583 ii.
576 1541 673 1582 672.
810 1556 956 1598 meque
988 1548 1109 1584 extra
1144 1549 1249 1584 tecta
1271 1541 1478 1598 ferebam.
1539 1540 1690 1584 Cicero

183 1600 236 1640 ad
261 1598 433 1640 Divers.
455 1600 532 1640 lib.
557 1613 597 1639 v.
618 1613 686 1653 ep.
714 1600 779 1641 10.
812 1599 965 1655 Apage
998 1606 1036 1641 te
1061 1613 1155 1641 cum
1179 1605 1318 1641 nostro
1343 1599 1470 1641 Seoeto
1491 1598 1688 1642 Servilzo.

183 1655 396 1697 SCHWEB.
457 1655 650 1697 Omnino
685 1658 765 1698 hoc
795 1671 1053 1712 pronomen,
1085 1662 1134 1707 ut
1161 1663 1305 1699 cetera
1339 1658 1598 1712 pronomina
1626 1671 1691 1699 re-

182 1714 373 1767 ciproca,
405 1715 751 1756 subaudiendum
783 1716 835 1756 ad
870 1717 1000 1769 plura
1030 1716 1175 1765 verba,
1205 1729 1301 1768 quae
1332 1729 1431 1756 cum
1452 1716 1493 1757 vi
1516 1714 1596 1756 sua
1617 1729 1690 1768 ge-

183 1770 318 1811 nuina
339 1772 481 1812 activa
501 1772 605 1822 sint,
635 1774 822 1814 neutrali
844 1774 1163 1826 significatione
1183 1778 1474 1826 usu1·pantur;
1504 1785 1691 1826 quorum

182 1829 338 1880 ingens
374 1841 579 1869 numerus
613 1835 693 1871 est.
757 1830 923 1872 Passim
960 1832 1222 1877 monuimus,
1254 1832 1317 1871 sic
1345 1831 1690 1872 commodissime

182 1886 346 1939 expleri
370 1899 495 1939 posse
517 1887 756 1929 locutiones
775 1890 960 1936 ἐλλιπεῖς,
992 1902 1102 1942 quas
1133 1889 1263 1942 vulgo
1283 1889 1428 1936 aliter,
1463 1888 1540 1929 sed
1556 1889 1690 1930 miras

180 1943 384 1984 fabricati
406 1945 595 1998 ellipses,
617 1946 976 2000 interpretantur.
1010 1945 1213 1988 ScuAEF.

511 2043 535 2068 ἕ
567 2041 856 2093 ΣΕΙΣΜΟΣ,
899 2044 1116 2086 TERRAE
1155 2043 1377 2086 MOTUS.

238 2111 511 2156 Phavorinus
531 2128 583 2155 ex
605 2115 806 2156 Zonara:
835 2115 1095 2169 Ἷξηματίας,
1211 2117 1234 2162 ἢ
1263 2116 1360 2158 εἶδος
1377 2121 1540 2166 σεισμοῦ.
1601 2115 1690 2158 Au-

182 2171 323 2224 genda
346 2170 506 2213 Lexica
530 2173 610 2213 hac
627 2186 728 2214 voce
751 2174 986 2226 similique,
1021 2177 1124 2216 item
1143 2180 1268 2216 terrae
1290 2175 1690 2240 motum‘quendam

182 2230 473 2282 significante,
494 2248 700 2278 μυκηματι
696 2233 765 2279 ’,ας
797 2244 883 2283 quo
918 2234 1057 2273 utitur
1089 2233 1345 2273 Ammianus
1368 2231 1563 2272 Marcell.
1582 2231 1688 2272 xvii.

181 2301 219 2328 c.
222 2263 280 2327 7.
305 2293 414 2328 extr.
444 2300 572 2340 quem
596 2289 693 2329 vide
717 2297 761 2330 et
780 2289 898 2331 conf.
920 2290 1143 2332 Aristotel.
1177 2292 1228 2331 de
1262 2289 1431 2331 Mundo
1462 2302 1563 2344 pag.
1591 2288 1688 2330 156.

182 2357 237 2385 ss.
260 2345 326 2385 ed.
347 2343 490 2400 Kapp.
522 2345 726 2388 SCHAEF.

663 2450 685 2473 ⁹*
717 2444 992 2494 ΣΕΛΗΝΗ,
1025 2443 1206 2488 LUNA.

237 2517 288 2560 In
324 2519 514 2574 φωσφόρος
546 2520 662 2585 apud
699 2522 1040 2575 Aristophanem
1063 2519 1244 2573 Lysistr.
1278 2534 1319 2562 V.
1358 2519 1456 2561 739.
1487 2517 1611 2561 Conf.
1646 2532 1688 2560 v.

182 2574 281 2617 444
344 2575 494 2619 Potest
512 2577 645 2618 etiam
668 2581 862 2633 suppleri
881 2592 959 2634 per
973 2577 1143 2621 Ἑκάτη.
1176 2577 1338 2619 LmsN.

595 2675 620 2702 *
651 2675 845 2717 ΣΗΜΑ.
878 2674 1265 2718 SEPULCRUM.

241 2747 538 2792 Philostratus
557 2749 661 2792 Her.
685 2765 729 2806 p.
757 2751 824 2793 72.
857 2750 970 2795 Νηός
990 2769 1087 2793 ποτε
1109 2750 1439 2807 καθορμισαμένης
1455 2750 1491 2790 ἐς
1509 2748 1554 2790 τὸ
1574 2747 1691 2790 Αἶάν-

227 2888 347 2922 *Item
377 2890 410 2923 in
438 2893 480 2929 βοὶ
483 2900 551 2924 aaz.
595 2894 638 2926 Ju
641 2893 730 2926 liuan
711 2905 749 2926 us
786 2894 819 2926 in
846 2895 1138 2935 Caes.13am‘(sc.
1163 2891 1297 2932 σιατόν)
1322 2891 1358 2926 ‘¹¹5
1371 2889 1530 2934 poenoegc'oer,
1551 2889 1609 2922 abl
1636 2888 1691 2922 Vel

179 2934 290 2976 confer
301 2933 366 2975 (te)
379 2938 547 2971 mmalam
559 2949 643 2971 rem.
663 2938 807 2971 Banna.
1468 2936 1472 2939 ’
