1838 3164
212 134 295 178 184
578 135 652 173 DE
682 135 888 176 ELLIPSI
917 137 987 175 ET
1014 137 1352 178 PLEONASMO

211 249 344 291 deat:
377 246 484 305 quid
516 246 628 291 enim
652 245 743 291 viro
780 247 944 290 tristius
974 253 1035 290 est
1054 247 1112 290 ad
1145 248 1437 299 amittendum,
1469 263 1595 308 quam
1614 251 1715 307 fida

212 318 335 348 uoeor.

271 361 390 410 Quid
410 377 512 406 vero
530 363 722 405 dicemus
741 363 793 404 de
813 376 878 411 eo,
911 363 1024 418 quod
1044 362 1254 413 Porson0‚
1275 364 1369 407 viro
1391 363 1540 408 Graece
1560 367 1717 409 doctis-

214 420 340 469 simo,
377 422 511 463 etiam
530 420 574 466 ἢν
595 421 662 462 vel
693 421 780 461 ὅταν
806 433 884 473 per
915 421 1085 474 ellipsin
1119 423 1273 463 abesse
1293 423 1430 464 visum
1462 427 1530 465 est
1556 424 1602 466 in
1636 425 1718 466 hoc

213 476 440 533 Euripidis
459 480 570 528 loco,
593 477 759 520 Hecub.
799 477 919 518 1018.
949 477 1152 527 Ἀλίμενόν
1189 497 1245 520 τις
1277 482 1325 521 ὡς
1359 481 1396 521 ἐς
1428 478 1563 522 ἄντλον
1593 478 1717 524 πεσὼν

214 534 385 591 Λέχριος
419 538 559 591 ἐκπέσῃ
593 537 708 589 φίλας
730 534 896 590 καρδίας,
921 533 1117 591 Ἀμέξσας
1145 538 1238 584 βίον.
1297 535 1427 578 Tales
1447 539 1562 579 enim
1581 540 1718 593 parti-

214 594 324 634 culae
346 593 382 634 si
402 595 545 634 omitti
570 595 769 648 possunt,
803 592 912 633 nihil
938 594 1134 646 profecto
1163 607 1344 647 usquam
1379 599 1460 642 est,
1494 597 1610 648 quod
1630 609 1717 638 non

215 650 358 703 possit
377 651 579 706 ellipseos
599 664 681 704 ope
700 649 884 691 defendi.
945 648 1166 692 Particula
1186 654 1247 702 ὡς,
1265 655 1315 692 ut
1333 652 1449 706 apud
1479 651 1720 695 Homerum

217 707 331 755 ὥστε,
362 721 441 762 per
473 721 517 750 se
547 709 663 761 regit
691 707 1031 760 conjunctivum,
1063 709 1101 748 si
1136 721 1212 749 res
1233 722 1319 750 non
1340 713 1390 750 ut
1409 710 1543 758 facta,
1573 711 1649 752 sed
1669 714 1719 753 ut

131 770 209 814 182
218 777 315 816 quae
335 765 429 807 fieri
449 765 608 820 possit,
631 768 828 806 narratur
845 777 854 804 ε
886 762 986 805 Τοὺς
1005 763 1056 812 δ’,
1076 765 1162 805 ὥστ’
1184 767 1340 807 αἰπόλια
1359 770 1501 808 πλατέ’
1520 769 1636 816 αἰγῶν
1662 767 1720 809 αἱ·

216 823 327 863 πόλοι
348 821 472 877 ἄνδρες
485 821 595 863 ‘Pei‘oc
616 823 852 877 διακρίνωσιν,
874 823 955 874 ἐπεί
974 839 1013 862 κε
1034 828 1132 878 νομῷ
1151 825 1339 871 μιγέωσιν.

276 878 430 932 Neque
450 892 551 920 vera
572 883 690 927 sunt,
710 893 808 932 quae
828 879 880 920 de
900 880 1130 920 omissione
1150 881 1376 934 particulae
1390 881 1449 922 ’ἵνα
1468 894 1514 935 p.
1535 881 1632 923 477.
1653 883 1719 924 af-

216 937 438 978 feruntur.
466 937 582 988 Loci,
602 939 677 988 qui
701 937 762 977 ibi
783 941 1191 985 commemorantur,
1212 950 1298 978 non
1318 943 1419 980 sunt
1438 951 1587 980 omnes
1607 941 1720 993 eJus-

218 994 317 1035 dem
340 995 526 1047 generis.
587 992 760 1034 Horum
791 995 967 1046 quidam
999 993 1233 1035 Schaefero
1268 999 1531 1037 structuram
1562 997 1722 1039 habere

218 1051 421 1093 videntur
441 1052 659 1099 soloecam,
691 1055 768 1093 aut
801 1064 897 1104 quae
931 1053 1119 1104 speciem
1152 1055 1266 1093 certe
1300 1054 1532 1095 s'oloecismi
1563 1067 1653 1109 prae
1677 1067 1722 1096 se

218 1108 349 1149 ferat.
410 1107 558 1163 Epigr.
589 1109 742 1150 incerti
764 1113 904 1163 poetae
923 1108 1023 1150 249.
1058 1106 1205 1165 Κύπρι,
1236 1107 1360 1151 θέλεις
1390 1111 1507 1152 οὕτως
1541 1112 1578 1152 ἐς
1596 1112 1722 1166 ,κρίσιν

220 1163 423 1220 ἐρχόμεθα
444 1180 454 1214 ;
485 1165 666 1207 Lucian.
688 1171 792 1208 tom.
818 1167 883 1207 iii.
906 1180 948 1220 p.
970 1165 1068 1208 250.
1097 1166 1122 1211 ἢ
1144 1166 1285 1207 ἐθέλεις
1305 1167 1378 1217 ἐγὼ
1411 1167 1526 1210 αὐτὸς
1556 1170 1724 1217 ἐπάνειμι

221 1222 258 1262 ἔς
279 1222 323 1262 τὸ
342 1226 470 1264 πλοῖον
488 1237 498 1270 ;
530 1227 575 1265 et
594 1237 635 1278 p.
656 1223 756 1265 265.
777 1223 802 1268 ἢ
824 1222 966 1265 ἐθέλεις
985 1223 1327 1280 καταριθμήσομαί
1348 1242 1413 1266 σοι,
1445 1225 1503 1266 At
1522 1227 1631 1267 nihil
1654 1226 1725 1268 hie

220 1280 454 1321 soloecismi
485 1285 564 1322 est.
624 1281 785 1323 Sensus
821 1285 906 1323 est:
940 1280 1092 1324 visne?
1119 1281 1210 1337 ipse
1239 1282 1538 1324 conscendam:
1579 1282 1727 1326 visne?

219 1337 469 1380 enumerabo
490 1337 595 1380 tz'bi:
624 1340 670 1380 id
690 1344 770 1389 est,
791 1337 831 1380 Si
863 1338 940 1389 vis,
973 1338 1225 1381 enumerabo
1256 1338 1348 1381 tibi.
1409 1340 1604 1395 Scriptor
1633 1342 1726 1395 epi-

218 1397 479 1446 grammatis
494 1409 575 1449 pro
594 1396 744 1438 futuro
761 1398 910 1450 posuit
936 1409 1140 1449 praesens.
1201 1395 1364 1437 Eodem
1396 1398 1524 1438 modo
1553 1410 1632 1439 nos
1664 1398 1727 1439 lo-

220 1452 397 1504 quimur
416 1466 425 1492 :
458 1451 585 1494 willst
607 1452 696 1494 du?
722 1466 768 1494 so
787 1452 922 1507 gehen
940 1452 1019 1494 wir
1035 1466 1110 1494 vor
1126 1452 1300 1508 gericht.

279 1508 475 1550 Alterum
495 1522 633 1562 genus
651 1510 842 1551 locorum
873 1511 960 1551 tale
991 1513 1082 1550 est:
1123 1511 1351 1552 Anacreon
1381 1510 1460 1551 xii.
1496 1509 1550 1552 Τι’
1581 1529 1633 1552 σοι
1663 1511 1727 1554 θέ-

223 1572 303 1605 λεις
336 1566 504 1613 ποιήσω;
534 1565 765 1620 Euripides
797 1566 949 1608 Phoen.
982 1566 1076 1607 734.
1111 1566 1244 1607 Βούλει
1279 1570 1484 1622 τράπωμαι
1518 1567 1606 1612 δῆθ’
1627 1568 1729 1612 ὁδοὺς

228 1620 358 1663 ἄλλας
389 1624 518 1671 τιναςς
551 1622 768 1665 Homerus
803 1622 927 1664 Iliad.
963 1623 1009 1664 Z.
1046 1623 1144 1665 340.
1181 1623 1299 1664 Ἀλλ’
1333 1623 1403 1672 ἄγε
1436 1629 1495 1667 νῦν
1528 1627 1726 1676 ἐπίμεινον,

223 1679 339 1732 α’ρῆΐα
359 1682 506 1732 τεύχεα
534 1678 621 1721 δύω.
683 1680 804 1723 Idem
825 1679 874 1721 Ψ.
907 1680 976 1721 71.
1007 1679 1153 1721 Θάπτε
1186 1698 1237 1729 με
1269 1681 1351 1721 ὅττι
1378 1683 1567 1735 τάχιστα,
1598 1686 1730 1726 πύλας

219 1734 358 1776 Ἀΐδαο
392 1737 560 1791 περήσω.
632 1735 718 1779 Hic
765 1739 811 1778 in
857 1737 1143 1782 Anacreontis
1187 1742 1231 1779 et
1274 1737 1498 1792 Euripidis
1531 1742 1729 1783 versibus

224 1793 335 1833 nihil
357 1798 424 1834 est
444 1794 728 1837 difficultatis.
790 1795 901 1836 Sunt
934 1797 1048 1837 enim
1084 1796 1154 1836 hic
1180 1808 1352 1850 quoque
1375 1797 1471 1837 duae
1490 1798 1732 1850 conjunctae

139 1849 403 1902 183diversae
433 1853 725 1906 loquutiones,
757 1865 860 1902 una,
892 1854 931 1893 τί
961 1870 1012 1892 σοι
1045 1851 1168 1894 θέλεις
1197 1854 1350 1897 ποιῆσαί
1379 1867 1460 1901 με;
1486 1857 1614 1902 βούλει
1648 1859 1730 1911 τρέ-

226 1906 369 1948 πεσθαί
387 1925 437 1956 με
460 1907 587 1952 ἄλλοις
608 1909 737 1958 ὁδούς;
770 1911 927 1965 quibus
961 1911 1163 1964 abruptis
1191 1911 1395 1964 adjicitur
1428 1913 1732 1966 conjunctivus

225 1965 523 2014 deliberantis,
554 1967 718 2014 ποιήσω,
760 1969 980 2022 τράπωμαι.
1039 1966 1200 2008 Eodem
1238 1981 1416 2022 prorsus
1454 1970 1581 2011 modo
1615 1968 1732 2012 Lati-

227 2022 302 2062 ni:
347 2021 451 2078 quz‘d
488 2022 554 2065 vis
579 2023 785 2080 faciam?
829 2024 985 2066 Obiter
1025 2025 1103 2066 hoc
1137 2026 1315 2078 adjicio,
1349 2038 1561 2074 caussam,
1599 2041 1732 2083 quare

230 2077 373 2120 Graeci
405 2080 555 2121 dicant
586 2080 713 2129 ἴωμεν,
744 2095 901 2130 earnm,
933 2088 977 2124 et
999 2083 1174 2130 similia,
1205 2095 1291 2124 non
1323 2085 1455 2124 etiam
1488 2084 1588 2133 ἴητε,
1619 2084 1732 2135 ἴωσιν,

228 2137 426 2178 eamdem
447 2139 714 2191 conjunctivi
736 2140 1099 2192 significationem
1119 2153 1230 2188 esse,
1252 2154 1381 2196 quam
1402 2142 1547 2194 tetigi.
1616 2141 1734 2183 Nam

228 2195 407 2248 proprie
438 2194 551 2243 ἴωμεν
581 2201 648 2237 est
679 2197 1012 2239 deliberantium
1048 2210 1104 2238 an
1143 2202 1258 2240 eant.
1337 2197 1472 2254 Atqui
1513 2199 1619 2254 quid
1655 2212 1734 2241 nos

230 2263 359 2303 agere
394 2256 610 2306 oporteat,
643 2253 882 2296 deliberare
915 2260 1172 2310 possumus:
1214 2257 1291 2297 alii
1317 2259 1463 2297 autem
1483 2257 1588 2311 quid
1606 2269 1735 2309 agere

230 2307 418 2350 debeant
456 2323 590 2364 quum
625 2311 928 2360 deliberamus,
974 2317 1050 2353 aut
1085 2325 1138 2353 ea
1165 2313 1331 2354 frustra
1362 2317 1428 2354 est
1460 2313 1735 2362 deliberatio,

231 2369 311 2406 aut
354 2367 398 2408 id
445 2380 619 2408 rursum
656 2371 906 2424 quaerimus,
948 2370 1053 2425 quid
1090 2383 1169 2411 nos
1205 2371 1261 2412 ab
1297 2370 1386 2411 illis
1423 2371 1496 2423 agi
1535 2372 1735 2413 velimus.

233 2420 378 2469 Quare
415 2437 547 2478 quum
586 2438 658 2466 eos
698 2427 938 2477 hortamur,
977 2440 1064 2468 non
1106 2428 1293 2482 amplius
1325 2428 1620 2480 conjunctivo,
1659 2429 1737 2470 sed

232 2484 310 2521 aut
332 2481 607 2536 imperativo,
633 2487 710 2524 aut
726 2486 923 2538 optativo
957 2485 1076 2527 Iocus
1097 2489 1174 2527 est.
1238 2485 1326 2526 Sed
1355 2485 1484 2526 redeo
1514 2486 1570 2526 ad
1606 2487 1738 2527 omis-

233 2548 331 2578 sum
360 2539 432 2579 ἵνα.
493 2539 562 2581 Ne
595 2539 775 2583 Homeri
809 2543 984 2598 quidem
1015 2556 1164 2584 versus
1201 2544 1345 2591 aliter,
1380 2555 1509 2598 quam
1532 2543 1627 2597 ipso
1661 2543 1738 2584 illo

233 2596 499 2648 conjunctivi
533 2611 615 2639 usu
650 2600 897 2653 explicandi
932 2605 1046 2642 sunt.
1123 2599 1233 2643 Orta
1263 2604 1328 2642 est
1358 2601 1474 2641 enim
1506 2601 1592 2642 ista
1624 2601 1738 2642 ratio

233 2652 439 2707 loquendi
470 2667 493 2694 e
526 2656 623 2710 pari
645 2656 974 2706 deliberatione,
1004 2662 1055 2700 ut
1087 2659 1123 2700 si
1154 2659 1291 2706 dicas,
1321 2660 1449 2706 βούλει
1469 2660 1616 2711 τεύχεα
1635 2657 1736 2705 δύω;

235 2710 418 2758 ἐπίμεινον
439 2713 569 2753 τοίνυν·
590 2716 719 2761 βούλει
739 2717 866 2756 πύλας
891 2715 1026 2756 Ἀΐδαο
1046 2716 1221 2771 περήσως
1254 2714 1382 2756 θάπτε
1403 2731 1455 2764 με
1473 2714 1529 2756 ὅτι
1549 2717 1738 2768 τάχιστα.

233 2764 399 2808 Eodem
419 2769 546 2810 modo
566 2783 644 2811 nos
663 2785 673 2812 :
707 2777 847 2824 warte,
876 2772 957 2815 soll
975 2772 1045 2815 ioh
1065 2772 1137 2814 die
1155 2772 1311 2831 waffen
1329 2771 1510 2828 anlegen
1525 2787 1539 2814 .-
1568 2770 1744 2828 begrabe

233 2821 359 2874 mich,
376 2823 455 2867 soll
472 2825 538 2868 ich
553 2825 598 2867 in
614 2827 686 2870 die
703 2830 919 2872 unterwelt
935 2830 1156 2886 gelangen.

291 2880 393 2923 Non
414 2896 605 2938 possum,
634 2888 739 2941 quin
768 2890 920 2942 paucis
955 2891 1174 2942 attingam
1210 2888 1382 2943 ellipsin
1417 2886 1643 2942 particulae
1662 2885 1741 2938 καῖ,

235 2952 367 3000 quam
400 2941 579 3000 quidam
603 2943 830 2992 admisisse
848 2947 1067 2997 videntur,
1098 2947 1174 2992 ubi
1204 2948 1234 2989 εἰ
1265 2949 1333 2989 est
1361 2942 1542 2994 etiamad,
1602 2943 1662 2989 At
1687 2957 1743 2998 ne
