<?xml version="1.0" encoding="UTF-8"?>
<!DOCTYPE html PUBLIC "-//W3C//DTD XHTML 1.0 Transitional//EN"
    "http://www.w3.org/TR/xhtml1/DTD/xhtml1-transitional.dtd">
<html xmlns="http://www.w3.org/1999/xhtml" xml:lang="en" lang="en">
 <head>
  <title>
</title>
<meta http-equiv="Content-Type" content="text/html;charset=utf-8" />
  <meta name='ocr-system' content='tesseract 3.04.00' />
  <meta name='ocr-capabilities' content='ocr_page ocr_carea ocr_par ocr_line ocrx_word'/>
</head>
<body>
  <div class='ocr_page' id='page_1' title='image "./ellipsesgraecaec00bosluoft_0693.png"; bbox 0 0 1838 3164; ppageno 0'>
   <div class='ocr_carea' id='block_1_1' title="bbox 525 109 1665 160">
    <p class='ocr_par' dir='ltr' id='par_1_1' title="bbox 525 109 1665 160">
     <span class='ocr_line' id='line_1_1' title="bbox 525 109 1665 160; baseline -0.006 0"><span class='ocrx_word' id='word_1_1' title='bbox 525 115 845 160; x_wconf 78' lang='lat' dir='ltr'>PLBONASMI</span> <span class='ocrx_word' id='word_1_2' title='bbox 870 114 1296 159; x_wconf 80' lang='lat' dir='ltr'><strong>ADVERBIORUM.</strong></span> <span class='ocrx_word' id='word_1_3' title='bbox 1609 109 1665 154; x_wconf 81' lang='lat'><strong>87</strong></span> 
     </span>
    </p>
   </div>
   <div class='ocr_carea' id='block_1_2' title="bbox 150 228 1661 344">
    <p class='ocr_par' dir='ltr' id='par_1_2' title="bbox 150 228 1661 343">
     <span class='ocr_line' id='line_1_2' title="bbox 150 228 1661 298; baseline 0.003 -29"><span class='ocrx_word' id='word_1_4' title='bbox 150 228 308 273; x_wconf 83' lang='lat' dir='ltr'><strong>debat·</strong></span> <span class='ocrx_word' id='word_1_5' title='bbox 340 232 506 298; x_wconf 80' lang='lat' dir='ltr'><strong>populi</strong></span> <span class='ocrx_word' id='word_1_6' title='bbox 527 236 697 275; x_wconf 83' lang='lat' dir='ltr'><strong>autem·</strong></span> <span class='ocrx_word' id='word_1_7' title='bbox 706 231 772 274; x_wconf 84' lang='lat' dir='ltr'><strong>illi</strong></span> <span class='ocrx_word' id='word_1_8' title='bbox 803 230 1095 284; x_wconf 81' lang='lat' dir='ltr'><strong>sequebantur</strong></span> <span class='ocrx_word' id='word_1_9' title='bbox 1121 242 1148 272; x_wconf 85' lang='lat' dir='ltr'><strong>a</strong></span> <span class='ocrx_word' id='word_1_10' title='bbox 1177 234 1318 283; x_wconf 85' lang='lat' dir='ltr'><strong>tergo.</strong></span> <span class='ocrx_word' id='word_1_11' title='bbox 1378 230 1447 273; x_wconf 89' lang='lat' dir='ltr'><strong>De</strong></span> <span class='ocrx_word' id='word_1_12' title='bbox 1476 231 1558 274; x_wconf 88' lang='lat' dir='ltr'><strong>hoc</strong></span> <span class='ocrx_word' id='word_1_13' title='bbox 1576 245 1661 274; x_wconf 84' lang='lat' dir='ltr'><strong>usu</strong></span> 
     </span>
     <span class='ocr_line' id='line_1_3' title="bbox 150 286 1661 344; baseline 0.001 -15"><span class='ocrx_word' id='word_1_14' title='bbox 150 288 475 343; x_wconf 72' lang='lat' dir='ltr'><strong>pmpositionis·</strong></span> <span class='ocrx_word' id='word_1_15' title='bbox 493 290 581 332; x_wconf 84' lang='lat' dir='ltr'><strong>vid.</strong></span> <span class='ocrx_word' id='word_1_16' title='bbox 600 288 699 344; x_wconf 77' lang='lat' dir='ltr'><strong>Rap</strong></span> <span class='ocrx_word' id='word_1_17' title='bbox 701 289 782 330; x_wconf 82' lang='lat' dir='ltr'><strong>hel.</strong></span> <span class='ocrx_word' id='word_1_18' title='bbox 806 289 862 330; x_wconf 90' lang='lat' dir='ltr'><strong>ad</strong></span> <span class='ocrx_word' id='word_1_19' title='bbox 889 287 1028 332; x_wconf 86' lang='lat' dir='ltr'><strong>Marc.</strong></span> <span class='ocrx_word' id='word_1_20' title='bbox 1050 301 1091 330; x_wconf 83' lang='lat' dir='ltr'><strong>x.</strong></span> <span class='ocrx_word' id='word_1_21' title='bbox 1126 286 1198 330; x_wconf 90' lang='grc'><strong>30.</strong></span> <span class='ocrx_word' id='word_1_22' title='bbox 1230 287 1426 331; x_wconf 83' lang='lat' dir='ltr'><strong>Dorville</strong></span> <span class='ocrx_word' id='word_1_23' title='bbox 1459 290 1515 331; x_wconf 84' lang='lat' dir='ltr'><strong>ad</strong></span> <span class='ocrx_word' id='word_1_24' title='bbox 1545 289 1661 331; x_wconf 67' lang='grc' dir='ltr'>Οἰτα-</span> 
     </span>
    </p>
   </div>
   <div class='ocr_carea' id='block_1_3' title="bbox 151 301 1658 445">
    <p class='ocr_par' dir='ltr' id='par_1_3' title="bbox 151 301 1658 445">
     <span class='ocr_line' id='line_1_4' title="bbox 151 301 1658 445; baseline 0.001 -57"><span class='ocrx_word' id='word_1_25' title='bbox 151 344 252 445; x_wconf 51' lang='lat'><strong>139</strong></span> <span class='ocrx_word' id='word_1_26' title='bbox 254 357 301 401; x_wconf 89' lang='lat' dir='ltr'><strong>p.</strong></span> <span class='ocrx_word' id='word_1_27' title='bbox 321 345 420 389; x_wconf 81' lang='lat'><strong>381.</strong></span> <span class='ocrx_word' id='word_1_28' title='bbox 455 349 524 390; x_wconf 82' lang='lat' dir='ltr'><strong>ed.</strong></span> <span class='ocrx_word' id='word_1_29' title='bbox 558 301 699 403; x_wconf 32' lang='lat' dir='ltr'><strong>Lim-p</strong></span> <span class='ocrx_word' id='word_1_30' title='bbox 738 344 882 389; x_wconf 82' lang='lat' dir='ltr'><strong>Fisch.</strong></span> <span class='ocrx_word' id='word_1_31' title='bbox 912 345 1147 389; x_wconf 76' lang='lat' dir='ltr'><strong>Animadv.</strong></span> <span class='ocrx_word' id='word_1_32' title='bbox 1175 345 1232 388; x_wconf 84' lang='lat' dir='ltr'><strong>ad</strong></span> <span class='ocrx_word' id='word_1_33' title='bbox 1250 345 1381 388; x_wconf 85' lang='lat' dir='ltr'><strong>Well.</strong></span> <span class='ocrx_word' id='word_1_34' title='bbox 1401 345 1481 388; x_wconf 86' lang='lat' dir='ltr'><strong>Gr.</strong></span> <span class='ocrx_word' id='word_1_35' title='bbox 1511 348 1578 390; x_wconf 86' lang='lat' dir='ltr'><strong>iii.</strong></span> <span class='ocrx_word' id='word_1_36' title='bbox 1611 346 1658 390; x_wconf 91' lang='lat' dir='ltr'><strong>b.</strong></span> 
     </span>
    </p>
   </div>
   <div class='ocr_carea' id='block_1_4' title="bbox 654 490 1162 538">
    <p class='ocr_par' dir='ltr' id='par_1_4' title="bbox 654 490 1162 538">
     <span class='ocr_line' id='line_1_5' title="bbox 654 490 1162 538; baseline -0.002 0"><span class='ocrx_word' id='word_1_37' title='bbox 654 491 817 538; x_wconf 90' lang='grc' dir='ltr'><strong>ΠΕΡΙ.</strong></span> <span class='ocrx_word' id='word_1_38' title='bbox 849 493 952 538; x_wconf 88' lang='lat' dir='ltr'><strong>Vid.</strong></span> <span class='ocrx_word' id='word_1_39' title='bbox 984 490 1162 537; x_wconf 86' lang='lat' dir='ltr'><strong>AM‹1&gt;1.</strong></span> 
     </span>
    </p>
   </div>
   <div class='ocr_carea' id='block_1_5' title="bbox 839 583 979 628">
    <p class='ocr_par' dir='ltr' id='par_1_5' title="bbox 839 583 979 628">
     <span class='ocr_line' id='line_1_6' title="bbox 839 583 979 628; baseline 0 -1"><span class='ocrx_word' id='word_1_40' title='bbox 839 583 979 628; x_wconf 80' lang='grc' dir='ltr'><strong>ΣὙΝ.</strong></span> 
     </span>
    </p>
   </div>
   <div class='ocr_carea' id='block_1_6' title="bbox 147 666 1667 944">
    <p class='ocr_par' dir='ltr' id='par_1_6' title="bbox 147 666 1667 944">
     <span class='ocr_line' id='line_1_7' title="bbox 211 666 1666 726; baseline 0.001 -16"><span class='ocrx_word' id='word_1_41' title='bbox 211 666 319 718; x_wconf 81' lang='lat' dir='ltr'><strong>Quae</strong></span> <span class='ocrx_word' id='word_1_42' title='bbox 338 667 435 711; x_wconf 87' lang='lat' dir='ltr'><strong>de&#39;</strong></span> <span class='ocrx_word' id='word_1_43' title='bbox 419 685 455 710; x_wconf 82' lang='grc' dir='ltr'><strong>εν</strong></span> <span class='ocrx_word' id='word_1_44' title='bbox 486 667 690 723; x_wconf 85' lang='lat' dir='ltr'><strong>diximus,</strong></span> <span class='ocrx_word' id='word_1_45' title='bbox 722 682 776 712; x_wconf 86' lang='lat' dir='ltr'><strong>ea</strong></span> <span class='ocrx_word' id='word_1_46' title='bbox 803 672 933 726; x_wconf 89' lang='lat' dir='ltr'><strong>plane</strong></span> <span class='ocrx_word' id='word_1_47' title='bbox 965 671 1052 712; x_wconf 87' lang='lat' dir='ltr'><strong>huc</strong></span> <span class='ocrx_word' id='word_1_48' title='bbox 1081 668 1317 712; x_wconf 76' lang='lat' dir='ltr'><strong>transferri</strong></span> <span class='ocrx_word' id='word_1_49' title='bbox 1348 671 1394 711; x_wconf 86' lang='lat' dir='ltr'><strong>et</strong></span> <span class='ocrx_word' id='word_1_50' title='bbox 1421 681 1666 711; x_wconf 83' lang='lat' dir='ltr'><strong>accommo-</strong></span> 
     </span>
     <span class='ocr_line' id='line_1_8' title="bbox 153 723 1666 784; baseline 0.001 -16"><span class='ocrx_word' id='word_1_51' title='bbox 153 723 250 770; x_wconf 78' lang='lat' dir='ltr'><strong>dari</strong></span> <span class='ocrx_word' id='word_1_52' title='bbox 266 730 467 782; x_wconf 78' lang='lat' dir='ltr'><strong>possunt.</strong></span> <span class='ocrx_word' id='word_1_53' title='bbox 527 724 645 769; x_wconf 82' lang='lat' dir='ltr'><strong>Nam</strong></span> <span class='ocrx_word' id='word_1_54' title='bbox 735 729 800 784; x_wconf 78' lang='grc' dir='ltr'><strong>ὀνῳ</strong></span> <span class='ocrx_word' id='word_1_55' title='bbox 828 729 992 771; x_wconf 83' lang='lat' dir='ltr'><strong>usitate</strong></span> <span class='ocrx_word' id='word_1_56' title='bbox 1021 727 1304 782; x_wconf 77' lang='lat' dir='ltr'><strong>loquentibus</strong></span> <span class='ocrx_word' id='word_1_57' title='bbox 1330 730 1397 769; x_wconf 84' lang='lat' dir='ltr'><strong>est</strong></span> <span class='ocrx_word' id='word_1_58' title='bbox 1414 725 1543 784; x_wconf 82' lang='lat' dir='ltr'><strong>longo</strong></span> <span class='ocrx_word' id='word_1_59' title='bbox 1565 732 1666 784; x_wconf 71' lang='lat' dir='ltr'><strong>post</strong></span> 
     </span>
     <span class='ocr_line' id='line_1_9' title="bbox 154 782 1666 851; baseline 0.003 -27"><span class='ocrx_word' id='word_1_60' title='bbox 154 787 369 851; x_wconf 78' lang='lat' dir='ltr'><strong>tempore‚·</strong></span> <span class='ocrx_word' id='word_1_61' title='bbox 397 787 449 826; x_wconf 87' lang='lat' dir='ltr'><strong>ut</strong></span> <span class='ocrx_word' id='word_1_62' title='bbox 467 782 620 840; x_wconf 91' lang='lat' dir='ltr'><strong>Xenop</strong></span> <span class='ocrx_word' id='word_1_63' title='bbox 624 786 667 826; x_wconf 87' lang='lat' dir='ltr'><strong>h.</strong></span> <span class='ocrx_word' id='word_1_64' title='bbox 739 786 811 829; x_wconf 83' lang='lat' dir='ltr'><strong>ist.</strong></span> <span class='ocrx_word' id='word_1_65' title='bbox 834 786 909 830; x_wconf 90' lang='lat' dir='ltr'><strong>Gr.</strong></span> <span class='ocrx_word' id='word_1_66' title='bbox 937 787 993 828; x_wconf 88' lang='lat' dir='ltr'><strong>iv.</strong></span> <span class='ocrx_word' id='word_1_67' title='bbox 1029 786 1068 835; x_wconf 94' lang='lat' dir='ltr'><strong>l,</strong></span> <span class='ocrx_word' id='word_1_68' title='bbox 1096 783 1170 828; x_wconf 88' lang='grc'><strong>34.</strong></span> <span class='ocrx_word' id='word_1_69' title='bbox 1301 785 1415 834; x_wconf 74' lang='grc' dir='ltr'><strong>ποτὲ,</strong></span> <span class='ocrx_word' id='word_1_70' title='bbox 1443 783 1474 826; x_wconf 85' lang='lat' dir='ltr'><strong>l.</strong></span> <span class='ocrx_word' id='word_1_71' title='bbox 1496 783 1666 828; x_wconf 80' lang='lat' dir='ltr'><strong>demum</strong></span> 
     </span>
     <span class='ocr_line' id='line_1_10' title="bbox 147 783 1667 944; baseline 0.001 -62"><span class='ocrx_word' id='word_1_72' title='bbox 147 854 195 898; x_wconf 85' lang='lat' dir='ltr'><strong>p.</strong></span> <span class='ocrx_word' id='word_1_73' title='bbox 204 846 278 942; x_wconf 47' lang='lat' dir='ltr'><strong>‘A’</strong></span> <span class='ocrx_word' id='word_1_74' title='bbox 283 842 583 944; x_wconf 58' lang='grc' dir='ltr'><strong>εἰέῧὸιαηάεηι</strong></span> <span class='ocrx_word' id='word_1_75' title='bbox 592 799 861 901; x_wconf 70' lang='lat' dir='ltr'><strong>paciqwndo.</strong></span> <span class='ocrx_word' id='word_1_76' title='bbox 921 842 1008 887; x_wconf 84' lang='lat' dir='ltr'><strong>Sed</strong></span> <span class='ocrx_word' id='word_1_77' title='bbox 1029 844 1210 898; x_wconf 76' lang='lat' dir='ltr'><strong>antique</strong></span> <span class='ocrx_word' id='word_1_78' title='bbox 1202 783 1474 898; x_wconf 51' lang='lat' dir='ltr'><strong>Xgophocles</strong></span> <span class='ocrx_word' id='word_1_79' title='bbox 1486 840 1552 896; x_wconf 81' lang='grc' dir='ltr'><strong>ξὺν</strong></span> <span class='ocrx_word' id='word_1_80' title='bbox 1571 844 1667 899; x_wconf 83' lang='grc' dir='ltr'><strong><em>χρό-</em></strong></span> 
     </span>
    </p>
   </div>
   <div class='ocr_carea' id='block_1_7' title="bbox 211 1282 1609 1350">
    <p class='ocr_par' dir='ltr' id='par_1_7' title="bbox 211 1282 1609 1350">
     <span class='ocr_line' id='line_1_11' title="bbox 211 1282 1609 1350; baseline 0.001 -3"><span class='ocrx_word' id='word_1_81' title='bbox 211 1282 797 1349; x_wconf 84' lang='lat' dir='ltr'>PLEONASMI</span> <span class='ocrx_word' id='word_1_82' title='bbox 839 1283 1609 1350; x_wconf 79' lang='lat' dir='ltr'><strong>ADVERBIORUM.</strong></span> 
     </span>
    </p>
   </div>
   <div class='ocr_carea' id='block_1_8' title="bbox 685 1577 1134 1623">
    <p class='ocr_par' dir='ltr' id='par_1_8' title="bbox 685 1577 1134 1623">
     <span class='ocr_line' id='line_1_12' title="bbox 685 1577 1134 1623; baseline 0 -1"><span class='ocrx_word' id='word_1_83' title='bbox 685 1577 1134 1623; x_wconf 89' lang='lat' dir='ltr'><strong>PRAEMONITUM.</strong></span> 
     </span>
    </p>
   </div>
   <div class='ocr_carea' id='block_1_9' title="bbox 151 1669 1674 2953">
    <p class='ocr_par' dir='ltr' id='par_1_9' title="bbox 151 1669 1674 2942">
     <span class='ocr_line' id='line_1_13' title="bbox 154 1669 1672 1744; baseline 0.003 -15"><span class='ocrx_word' id='word_1_84' title='bbox 154 1669 266 1734; x_wconf 86' lang='lat' dir='ltr'><strong>DE</strong></span> <span class='ocrx_word' id='word_1_85' title='bbox 296 1686 366 1730; x_wconf 89' lang='lat' dir='ltr'><strong>his</strong></span> <span class='ocrx_word' id='word_1_86' title='bbox 399 1688 665 1744; x_wconf 86' lang='lat' dir='ltr'><strong>pleonasmis</strong></span> <span class='ocrx_word' id='word_1_87' title='bbox 695 1702 782 1731; x_wconf 89' lang='lat' dir='ltr'><strong>non</strong></span> <span class='ocrx_word' id='word_1_88' title='bbox 821 1687 1091 1730; x_wconf 81' lang='lat' dir='ltr'><strong>incommode</strong></span> <span class='ocrx_word' id='word_1_89' title='bbox 1132 1688 1215 1730; x_wconf 87' lang='lat' dir='ltr'><strong>hoc</strong></span> <span class='ocrx_word' id='word_1_90' title='bbox 1250 1687 1519 1742; x_wconf 84' lang='lat' dir='ltr'><strong>praemittere</strong></span> <span class='ocrx_word' id='word_1_91' title='bbox 1552 1690 1672 1733; x_wconf 79' lang='lat' dir='ltr'><strong>vide·</strong></span> 
     </span>
     <span class='ocr_line' id='line_1_14' title="bbox 151 1745 1671 1802; baseline 0.003 -16"><span class='ocrx_word' id='word_1_92' title='bbox 151 1758 268 1794; x_wconf 86' lang='lat' dir='ltr'><strong>mur,</strong></span> <span class='ocrx_word' id='word_1_93' title='bbox 286 1746 494 1788; x_wconf 87' lang='lat' dir='ltr'><strong>adverbia</strong></span> <span class='ocrx_word' id='word_1_94' title='bbox 514 1747 742 1802; x_wconf 85' lang='lat' dir='ltr'><strong>temporis,</strong></span> <span class='ocrx_word' id='word_1_95' title='bbox 760 1748 895 1799; x_wconf 85' lang='lat' dir='ltr'><strong>atque</strong></span> <span class='ocrx_word' id='word_1_96' title='bbox 915 1746 1050 1787; x_wconf 83' lang='lat' dir='ltr'><strong>etiam</strong></span> <span class='ocrx_word' id='word_1_97' title='bbox 1077 1745 1166 1787; x_wconf 82' lang='lat' dir='ltr'><strong>alia</strong></span> <span class='ocrx_word' id='word_1_98' title='bbox 1186 1745 1376 1788; x_wconf 86' lang='lat' dir='ltr'><strong>similem</strong></span> <span class='ocrx_word' id='word_1_99' title='bbox 1395 1748 1486 1789; x_wconf 87' lang='lat' dir='ltr'><strong>vim</strong></span> <span class='ocrx_word' id='word_1_100' title='bbox 1508 1747 1671 1791; x_wconf 86' lang='lat' dir='ltr'><strong>haben-</strong></span> 
     </span>
     <span class='ocr_line' id='line_1_15' title="bbox 153 1803 1674 1859; baseline 0.004 -15"><span class='ocrx_word' id='word_1_101' title='bbox 153 1803 233 1854; x_wconf 81' lang='lat' dir='ltr'><strong>tia,</strong></span> <span class='ocrx_word' id='word_1_102' title='bbox 264 1803 311 1846; x_wconf 89' lang='lat' dir='ltr'><strong>in</strong></span> <span class='ocrx_word' id='word_1_103' title='bbox 344 1805 597 1846; x_wconf 81' lang='lat' dir='ltr'><strong>narratione</strong></span> <span class='ocrx_word' id='word_1_104' title='bbox 630 1817 745 1858; x_wconf 84' lang='lat' dir='ltr'><strong>saepe</strong></span> <span class='ocrx_word' id='word_1_105' title='bbox 765 1804 870 1858; x_wconf 89' lang='lat' dir='ltr'><strong>poni</strong></span> <span class='ocrx_word' id='word_1_106' title='bbox 901 1807 1001 1858; x_wconf 89' lang='lat' dir='ltr'><strong>post</strong></span> <span class='ocrx_word' id='word_1_107' title='bbox 1032 1803 1253 1856; x_wconf 78' lang='lat' dir='ltr'><strong>genitivos</strong></span> <span class='ocrx_word' id='word_1_108' title='bbox 1279 1806 1602 1859; x_wconf 72' lang='lat' dir='ltr'><strong>consequentiae</strong></span> <span class='ocrx_word' id='word_1_109' title='bbox 1627 1811 1674 1850; x_wconf 83' lang='lat' dir='ltr'><strong>et</strong></span> 
     </span>
     <span class='ocr_line' id='line_1_16' title="bbox 152 1860 1672 1917; baseline 0.003 -15"><span class='ocrx_word' id='word_1_110' title='bbox 152 1860 407 1916; x_wconf 82' lang='lat' dir='ltr'><strong>participia,</strong></span> <span class='ocrx_word' id='word_1_111' title='bbox 438 1863 572 1917; x_wconf 90' lang='lat' dir='ltr'><strong>idque</strong></span> <span class='ocrx_word' id='word_1_112' title='bbox 600 1864 647 1904; x_wconf 89' lang='lat' dir='ltr'><strong>in</strong></span> <span class='ocrx_word' id='word_1_113' title='bbox 672 1863 795 1915; x_wconf 88' lang='lat' dir='ltr'><strong>justa</strong></span> <span class='ocrx_word' id='word_1_114' title='bbox 825 1861 960 1902; x_wconf 85' lang='lat' dir='ltr'><strong>etiam</strong></span> <span class='ocrx_word' id='word_1_115' title='bbox 990 1860 1189 1914; x_wconf 89' lang='lat' dir='ltr'><strong>apodosi,</strong></span> <span class='ocrx_word' id='word_1_116' title='bbox 1212 1861 1290 1902; x_wconf 90' lang='lat' dir='ltr'><strong>ubi</strong></span> <span class='ocrx_word' id='word_1_117' title='bbox 1310 1864 1401 1905; x_wconf 87' lang='lat' dir='ltr'><strong>tem</strong></span> <span class='ocrx_word' id='word_1_118' title='bbox 1461 1876 1512 1905; x_wconf 86' lang='lat' dir='ltr'><strong>ra</strong></span> <span class='ocrx_word' id='word_1_119' title='bbox 1544 1864 1672 1906; x_wconf 82' lang='lat' dir='ltr'><strong>finita</strong></span> 
     </span>
     <span class='ocr_line' id='line_1_17' title="bbox 153 1919 1674 1975; baseline 0.003 -16"><span class='ocrx_word' id='word_1_120' title='bbox 153 1930 255 1960; x_wconf 91' lang='lat' dir='ltr'><strong>cum</strong></span> <span class='ocrx_word' id='word_1_121' title='bbox 275 1920 340 1967; x_wconf 73' lang='grc' dir='ltr'><strong>ὣς,</strong></span> <span class='ocrx_word' id='word_1_122' title='bbox 363 1919 491 1963; x_wconf 70' lang='grc' dir='ltr'>ἐπειδὴ</span> <span class='ocrx_word' id='word_1_123' title='bbox 514 1925 558 1961; x_wconf 90' lang='lat' dir='ltr'><strong>et</strong></span> <span class='ocrx_word' id='word_1_124' title='bbox 578 1920 679 1962; x_wconf 90' lang='lat' dir='ltr'><strong>aliis</strong></span> <span class='ocrx_word' id='word_1_125' title='bbox 711 1922 962 1962; x_wconf 87' lang='lat' dir='ltr'><strong>constructa</strong></span> <span class='ocrx_word' id='word_1_126' title='bbox 988 1922 1335 1961; x_wconf 84' lang='lat' dir='ltr'><strong>antecesserunt.</strong></span> <span class='ocrx_word' id='word_1_127' title='bbox 1431 1922 1674 1975; x_wconf 83' lang='lat' dir='ltr'><strong>requentis-</strong></span> 
     </span>
     <span class='ocr_line' id='line_1_18' title="bbox 155 1975 1672 2047; baseline 0.003 -31"><span class='ocrx_word' id='word_1_128' title='bbox 155 1975 269 2017; x_wconf 79' lang='lat' dir='ltr'><strong>sima</strong></span> <span class='ocrx_word' id='word_1_129' title='bbox 287 1980 388 2018; x_wconf 83' lang='lat' dir='ltr'><strong>sunt</strong></span> <span class='ocrx_word' id='word_1_130' title='bbox 407 1977 521 2027; x_wconf 77' lang='grc' dir='ltr'>οὕτω,</span> <span class='ocrx_word' id='word_1_131' title='bbox 541 1978 629 2019; x_wconf 79' lang='grc' dir='ltr'><strong><em>τότε</em></strong></span> <span class='ocrx_word' id='word_1_132' title='bbox 614 1975 832 2024; x_wconf 61' lang='grc' dir='ltr'>εένταῦὲα,</span> <span class='ocrx_word' id='word_1_133' title='bbox 855 1994 884 2017; x_wconf 84' lang='grc' dir='ltr'><strong>ει</strong></span> <span class='ocrx_word' id='word_1_134' title='bbox 888 1993 954 2023; x_wconf 78' lang='grc' dir='ltr'><strong>τα,</strong></span> <span class='ocrx_word' id='word_1_135' title='bbox 974 1975 1081 2030; x_wconf 81' lang='lat' dir='ltr'><strong>(vid.</strong></span> <span class='ocrx_word' id='word_1_136' title='bbox 1098 1975 1151 2018; x_wconf 85' lang='lat' dir='ltr'><strong>de</strong></span> <span class='ocrx_word' id='word_1_137' title='bbox 1170 1977 1251 2018; x_wconf 83' lang='lat' dir='ltr'><strong>hoc</strong></span> <span class='ocrx_word' id='word_1_138' title='bbox 1268 1976 1402 2047; x_wconf 83' lang='lat' dir='ltr'><strong>infra)</strong></span> <span class='ocrx_word' id='word_1_139' title='bbox 1433 1996 1540 2028; x_wconf 75' lang='grc' dir='ltr'><strong>μετα</strong></span> <span class='ocrx_word' id='word_1_140' title='bbox 1557 1995 1602 2019; x_wconf 80' lang='grc' dir='ltr'><strong>το</strong></span> <span class='ocrx_word' id='word_1_141' title='bbox 1604 1995 1672 2021; x_wconf 71' lang='lat' dir='ltr'><strong>um</strong></span> 
     </span>
     <span class='ocr_line' id='line_1_19' title="bbox 153 2029 1671 2088; baseline 0.003 -14"><span class='ocrx_word' id='word_1_142' title='bbox 153 2036 199 2074; x_wconf 77' lang='lat' dir='ltr'><strong>et</strong></span> <span class='ocrx_word' id='word_1_143' title='bbox 217 2032 396 2075; x_wconf 82' lang='lat' dir='ltr'><strong>Similia.</strong></span> <span class='ocrx_word' id='word_1_144' title='bbox 457 2032 667 2076; x_wconf 77' lang='lat' dir='ltr'><strong>Herodot.</strong></span> <span class='ocrx_word' id='word_1_145' title='bbox 698 2035 791 2076; x_wconf 82' lang='lat' dir='ltr'><strong>viii.</strong></span> <span class='ocrx_word' id='word_1_146' title='bbox 821 2032 911 2076; x_wconf 88' lang='grc'><strong>137.</strong></span> <span class='ocrx_word' id='word_1_147' title='bbox 945 2029 1002 2074; x_wconf 77' lang='grc' dir='ltr'><strong>Οἱ</strong></span> <span class='ocrx_word' id='word_1_148' title='bbox 1031 2031 1071 2074; x_wconf 72' lang='grc' dir='ltr'><strong>δὲ</strong></span> <span class='ocrx_word' id='word_1_149' title='bbox 1098 2051 1141 2074; x_wconf 83' lang='grc' dir='ltr'><strong>το</strong></span> <span class='ocrx_word' id='word_1_150' title='bbox 1143 2051 1159 2074; x_wconf 89' lang='grc' dir='ltr'><strong><em>ν</em></strong></span> <span class='ocrx_word' id='word_1_151' title='bbox 1185 2052 1255 2082; x_wconf 83' lang='grc' dir='ltr'><strong>μισ</strong></span> <span class='ocrx_word' id='word_1_152' title='bbox 1234 2031 1303 2075; x_wconf 64' lang='lat'><strong>650</strong></span> <span class='ocrx_word' id='word_1_153' title='bbox 1287 2052 1322 2075; x_wconf 91' lang='grc' dir='ltr'><strong>ον</strong></span> <span class='ocrx_word' id='word_1_154' title='bbox 1354 2035 1496 2088; x_wconf 73' lang='grc' dir='ltr'>ἔφασαν</span> <span class='ocrx_word' id='word_1_155' title='bbox 1530 2035 1671 2078; x_wconf 71' lang='grc' dir='ltr'>δίκαιον</span> 
     </span>
     <span class='ocr_line' id='line_1_20' title="bbox 177 2088 1671 2145; baseline 0.001 -14.043"><span class='ocrx_word' id='word_1_156' title='bbox 177 2109 245 2131; x_wconf 80' lang='grc' dir='ltr'><strong>ινια</strong></span> <span class='ocrx_word' id='word_1_157' title='bbox 264 2093 339 2132; x_wconf 71' lang='grc' dir='ltr'><strong>ἀπο</strong></span> <span class='ocrx_word' id='word_1_158' title='bbox 323 2092 460 2140; x_wconf 81' lang='grc' dir='ltr'>οόλαβν</span> <span class='ocrx_word' id='word_1_159' title='bbox 445 2109 526 2133; x_wconf 84' lang='grc' dir='ltr'><strong>νετς</strong></span> <span class='ocrx_word' id='word_1_160' title='bbox 575 2093 652 2133; x_wconf 80' lang='grc' dir='ltr'><strong>ὕτω</strong></span> <span class='ocrx_word' id='word_1_161' title='bbox 681 2091 769 2140; x_wconf 81' lang='grc' dir='ltr'>ἐξιέν</span> <span class='ocrx_word' id='word_1_162' title='bbox 736 2110 823 2136; x_wconf 58' lang='lat' dir='ltr'><strong>mana</strong></span> <span class='ocrx_word' id='word_1_163' title='bbox 883 2088 996 2133; x_wconf 85' lang='lat' dir='ltr'><strong>Etc.</strong></span> <span class='ocrx_word' id='word_1_164' title='bbox 1024 2088 1118 2132; x_wconf 87' lang='grc'><strong>136.</strong></span> <span class='ocrx_word' id='word_1_165' title='bbox 1151 2090 1294 2145; x_wconf 75' lang='grc' dir='ltr'><em>Μαρδο</em></span> <span class='ocrx_word' id='word_1_166' title='bbox 1287 2092 1422 2133; x_wconf 74' lang='grc' dir='ltr'><strong>’ὲνιοςδ</strong></span> <span class='ocrx_word' id='word_1_167' title='bbox 1443 2092 1671 2144; x_wconf 72' lang='grc' dir='ltr'>ἐπιλεξάμε-</span> 
     </span>
     <span class='ocr_line' id='line_1_21' title="bbox 154 2147 1670 2204; baseline 0.002 -15"><span class='ocrx_word' id='word_1_168' title='bbox 154 2165 226 2196; x_wconf 84' lang='grc' dir='ltr'>νος,</span> <span class='ocrx_word' id='word_1_169' title='bbox 258 2148 276 2188; x_wconf 82' lang='grc' dir='ltr'>ὅ</span> <span class='ocrx_word' id='word_1_170' title='bbox 297 2166 334 2188; x_wconf 85' lang='grc' dir='ltr'><strong>τι</strong></span> <span class='ocrx_word' id='word_1_171' title='bbox 353 2147 444 2192; x_wconf 43' lang='grc' dir='ltr'><strong>δὴ*</strong></span> <span class='ocrx_word' id='word_1_172' title='bbox 419 2167 463 2193; x_wconf 77' lang='grc' dir='ltr'><strong>ην</strong></span> <span class='ocrx_word' id='word_1_173' title='bbox 482 2152 527 2190; x_wconf 83' lang='grc' dir='ltr'><strong>λε’</strong></span> <span class='ocrx_word' id='word_1_174' title='bbox 512 2167 594 2198; x_wconf 61' lang='grc' dir='ltr'>ενεγο</span> <span class='ocrx_word' id='word_1_175' title='bbox 578 2167 647 2191; x_wconf 70' lang='lat' dir='ltr'><strong>vra</strong></span> <span class='ocrx_word' id='word_1_176' title='bbox 674 2149 725 2189; x_wconf 76' lang='grc' dir='ltr'><strong>τοὶ</strong></span> <span class='ocrx_word' id='word_1_177' title='bbox 744 2165 935 2204; x_wconf 71' lang='grc' dir='ltr'><strong>χρηστηρι</strong></span> <span class='ocrx_word' id='word_1_178' title='bbox 938 2166 978 2199; x_wconf 79' lang='grc' dir='ltr'><strong>α,</strong></span> <span class='ocrx_word' id='word_1_179' title='bbox 1007 2165 1057 2198; x_wconf 82' lang='grc' dir='ltr'><strong>με</strong></span> <span class='ocrx_word' id='word_1_180' title='bbox 1062 2148 1114 2189; x_wconf 74' lang='grc' dir='ltr'><strong>τοὶ</strong></span> <span class='ocrx_word' id='word_1_181' title='bbox 1134 2154 1262 2190; x_wconf 77' lang='grc' dir='ltr'>ταῦτα</span> <span class='ocrx_word' id='word_1_182' title='bbox 1281 2150 1346 2190; x_wconf 55' lang='lat' dir='ltr'><strong>{m</strong></span> <span class='ocrx_word' id='word_1_183' title='bbox 1333 2150 1438 2198; x_wconf 71' lang='grc' dir='ltr'><strong>εμψε</strong></span> <span class='ocrx_word' id='word_1_184' title='bbox 1469 2155 1551 2192; x_wconf 86' lang='lat' dir='ltr'><strong>etc.</strong></span> <span class='ocrx_word' id='word_1_185' title='bbox 1584 2149 1670 2193; x_wconf 88' lang='lat' dir='ltr'><strong>Xe-</strong></span> 
     </span>
     <span class='ocr_line' id='line_1_22' title="bbox 153 2204 1669 2262; baseline 0.002 -16"><span class='ocrx_word' id='word_1_186' title='bbox 153 2206 289 2260; x_wconf 87' lang='lat' dir='ltr'><strong>noph.</strong></span> <span class='ocrx_word' id='word_1_187' title='bbox 322 2205 484 2261; x_wconf 79' lang='lat' dir='ltr'><strong>Exp.i.</strong></span> <span class='ocrx_word' id='word_1_188' title='bbox 520 2206 584 2258; x_wconf 83' lang='lat'><strong>10,</strong></span> <span class='ocrx_word' id='word_1_189' title='bbox 621 2207 663 2248; x_wconf 86' lang='grc'><strong>5.</strong></span> <span class='ocrx_word' id='word_1_190' title='bbox 689 2206 772 2247; x_wconf 64' lang='grc' dir='ltr'><strong>Ὠς</strong></span> <span class='ocrx_word' id='word_1_191' title='bbox 801 2206 840 2247; x_wconf 74' lang='grc' dir='ltr'><strong>δὲ</strong></span> <span class='ocrx_word' id='word_1_192' title='bbox 857 2204 957 2262; x_wconf 63' lang='grc' dir='ltr'><strong>ᾔσὸο</strong></span> <span class='ocrx_word' id='word_1_193' title='bbox 940 2223 1022 2247; x_wconf 83' lang='grc' dir='ltr'>οντο</span> <span class='ocrx_word' id='word_1_194' title='bbox 1064 2206 1163 2253; x_wconf 81' lang='grc' dir='ltr'><strong>ἷέμν</strong></span> <span class='ocrx_word' id='word_1_195' title='bbox 1176 2204 1351 2249; x_wconf 75' lang='grc' dir='ltr'>Έλλην</span> <span class='ocrx_word' id='word_1_196' title='bbox 1318 2225 1386 2258; x_wconf 82' lang='grc' dir='ltr'><strong>νε,ς</strong></span> <span class='ocrx_word' id='word_1_197' title='bbox 1406 2207 1496 2250; x_wconf 82' lang='grc' dir='ltr'><strong>οτι.</strong></span> <span class='ocrx_word' id='word_1_198' title='bbox 1532 2238 1543 2248; x_wconf 82' lang='grc'><strong>.</strong></span> <span class='ocrx_word' id='word_1_199' title='bbox 1573 2239 1583 2249; x_wconf 90' lang='grc'><strong>.</strong></span> <span class='ocrx_word' id='word_1_200' title='bbox 1616 2208 1669 2249; x_wconf 73' lang='grc' dir='ltr'><em>οἷ’-</em></span> 
     </span>
     <span class='ocr_line' id='line_1_23' title="bbox 153 2223 1668 2316; baseline 0.004 -13"><span class='ocrx_word' id='word_1_201' title='bbox 153 2279 286 2316; x_wconf 80' lang='grc' dir='ltr'>χοιντο</span> <span class='ocrx_word' id='word_1_202' title='bbox 321 2263 524 2306; x_wconf 70' lang='grc' dir='ltr'>διώκοντες·</span> <span class='ocrx_word' id='word_1_203' title='bbox 562 2261 731 2306; x_wconf 64' lang='grc' dir='ltr'><strong>ἐνταῦθα</strong></span> <span class='ocrx_word' id='word_1_204' title='bbox 756 2263 803 2306; x_wconf 70' lang='grc' dir='ltr'><strong>δὴ</strong></span> <span class='ocrx_word' id='word_1_205' title='bbox 834 2267 915 2305; x_wconf 85' lang='lat' dir='ltr'><strong>etc.</strong></span> <span class='ocrx_word' id='word_1_206' title='bbox 975 2223 1076 2304; x_wconf 61' lang='lat' dir='ltr'><strong>Vidn.</strong></span> <span class='ocrx_word' id='word_1_207' title='bbox 1095 2260 1239 2305; x_wconf 82' lang='lat' dir='ltr'><strong>Fisch.</strong></span> <span class='ocrx_word' id='word_1_208' title='bbox 1262 2262 1495 2306; x_wconf 85' lang='lat' dir='ltr'><strong>Animadv.</strong></span> <span class='ocrx_word' id='word_1_209' title='bbox 1524 2265 1590 2307; x_wconf 77' lang='lat' dir='ltr'><strong>iii.</strong></span> <span class='ocrx_word' id='word_1_210' title='bbox 1622 2266 1668 2309; x_wconf 86' lang='lat' dir='ltr'><strong>b.</strong></span> 
     </span>
     <span class='ocr_line' id='line_1_24' title="bbox 151 2319 1669 2375; baseline 0.004 -15"><span class='ocrx_word' id='word_1_211' title='bbox 151 2330 206 2374; x_wconf 88' lang='lat' dir='ltr'><strong>p.</strong></span> <span class='ocrx_word' id='word_1_212' title='bbox 210 2319 289 2362; x_wconf 82' lang='grc'><strong>-92,</strong></span> <span class='ocrx_word' id='word_1_213' title='bbox 318 2323 395 2375; x_wconf 91' lang='lat' dir='ltr'><strong>qui</strong></span> <span class='ocrx_word' id='word_1_214' title='bbox 425 2322 560 2363; x_wconf 85' lang='lat' dir='ltr'><strong>etiam</strong></span> <span class='ocrx_word' id='word_1_215' title='bbox 580 2322 707 2368; x_wconf 89' lang='lat' dir='ltr'><strong>dicit,</strong></span> <span class='ocrx_word' id='word_1_216' title='bbox 729 2335 775 2364; x_wconf 89' lang='lat' dir='ltr'><strong>se</strong></span> <span class='ocrx_word' id='word_1_217' title='bbox 796 2321 853 2362; x_wconf 87' lang='lat' dir='ltr'><strong>ad</strong></span> <span class='ocrx_word' id='word_1_218' title='bbox 873 2321 1193 2362; x_wconf 87' lang='lat' dir='ltr'><strong>Anacreontem</strong></span> <span class='ocrx_word' id='word_1_219' title='bbox 1214 2333 1392 2364; x_wconf 88' lang='lat' dir='ltr'><strong>causam</strong></span> <span class='ocrx_word' id='word_1_220' title='bbox 1408 2323 1669 2373; x_wconf 79' lang='lat' dir='ltr'><strong>ostendisse,</strong></span> 
     </span>
     <span class='ocr_line' id='line_1_25' title="bbox 152 2376 1650 2436; baseline 0.003 -18"><span class='ocrx_word' id='word_1_221' title='bbox 152 2388 232 2418; x_wconf 84' lang='lat' dir='ltr'><strong>cur</strong></span> <span class='ocrx_word' id='word_1_222' title='bbox 252 2376 418 2420; x_wconf 78' lang='lat' dir='ltr'><strong>Graecis</strong></span> <span class='ocrx_word' id='word_1_223' title='bbox 440 2381 503 2421; x_wconf 86' lang='lat' dir='ltr'><strong>ita</strong></span> <span class='ocrx_word' id='word_1_224' title='bbox 521 2380 642 2432; x_wconf 86' lang='lat' dir='ltr'><strong>loqui</strong></span> <span class='ocrx_word' id='word_1_225' title='bbox 661 2378 892 2434; x_wconf 84' lang='lat' dir='ltr'><strong>placuerit.</strong></span> <span class='ocrx_word' id='word_1_226' title='bbox 953 2377 1040 2419; x_wconf 88' lang='lat' dir='ltr'><strong>Sed</strong></span> <span class='ocrx_word' id='word_1_227' title='bbox 1055 2379 1118 2420; x_wconf 91' lang='lat' dir='ltr'><strong>ibi</strong></span> <span class='ocrx_word' id='word_1_228' title='bbox 1139 2376 1240 2430; x_wconf 77' lang='lat' dir='ltr'><strong>(Od.</strong></span> <span class='ocrx_word' id='word_1_229' title='bbox 1261 2379 1327 2419; x_wconf 87' lang='lat' dir='ltr'><strong>lii.</strong></span> <span class='ocrx_word' id='word_1_230' title='bbox 1348 2393 1390 2422; x_wconf 87' lang='lat' dir='ltr'><strong>v.</strong></span> <span class='ocrx_word' id='word_1_231' title='bbox 1424 2377 1520 2435; x_wconf 88' lang='grc'><strong>22.)</strong></span> <span class='ocrx_word' id='word_1_232' title='bbox 1549 2385 1650 2436; x_wconf 89' lang='lat' dir='ltr'><strong>post</strong></span> 
     </span>
     <span class='ocr_line' id='line_1_26' title="bbox 154 2435 1666 2492; baseline 0.004 -17"><span class='ocrx_word' id='word_1_233' title='bbox 154 2446 288 2487; x_wconf 86' lang='lat' dir='ltr'><strong>quam</strong></span> <span class='ocrx_word' id='word_1_234' title='bbox 307 2436 362 2476; x_wconf 89' lang='lat' dir='ltr'><strong>de</strong></span> <span class='ocrx_word' id='word_1_235' title='bbox 382 2438 470 2477; x_wconf 80' lang='grc' dir='ltr'><em>τότε</em></span> <span class='ocrx_word' id='word_1_236' title='bbox 490 2437 694 2492; x_wconf 85' lang='lat' dir='ltr'><strong>exempla</strong></span> <span class='ocrx_word' id='word_1_237' title='bbox 708 2437 908 2491; x_wconf 87' lang='lat' dir='ltr'><strong>protulit,</strong></span> <span class='ocrx_word' id='word_1_238' title='bbox 930 2440 974 2476; x_wconf 90' lang='lat' dir='ltr'><strong>et</strong></span> <span class='ocrx_word' id='word_1_239' title='bbox 986 2448 1220 2491; x_wconf 85' lang='lat' dir='ltr'><strong>perperam</strong></span> <span class='ocrx_word' id='word_1_240' title='bbox 1235 2435 1281 2477; x_wconf 88' lang='lat' dir='ltr'><strong>1d</strong></span> <span class='ocrx_word' id='word_1_241' title='bbox 1299 2436 1397 2479; x_wconf 88' lang='lat' dir='ltr'><strong>Act.</strong></span> <span class='ocrx_word' id='word_1_242' title='bbox 1418 2438 1574 2480; x_wconf 82' lang='lat' dir='ltr'><strong>xxviii.</strong></span> <span class='ocrx_word' id='word_1_243' title='bbox 1602 2438 1666 2481; x_wconf 88' lang='grc'><strong>16.</strong></span> 
     </span>
     <span class='ocr_line' id='line_1_27' title="bbox 154 2492 1665 2541; baseline 0.004 -9"><span class='ocrx_word' id='word_1_244' title='bbox 154 2492 368 2536; x_wconf 84' lang='lat' dir='ltr'><strong>omissum</strong></span> <span class='ocrx_word' id='word_1_245' title='bbox 403 2506 499 2535; x_wconf 88' lang='lat' dir='ltr'><strong>esse</strong></span> <span class='ocrx_word' id='word_1_246' title='bbox 532 2495 578 2536; x_wconf 87' lang='lat' dir='ltr'><strong>in</strong></span> <span class='ocrx_word' id='word_1_247' title='bbox 608 2494 731 2536; x_wconf 87' lang='lat' dir='ltr'><strong>codd.</strong></span> <span class='ocrx_word' id='word_1_248' title='bbox 761 2493 983 2536; x_wconf 89' lang='lat' dir='ltr'><strong>nonnullis</strong></span> <span class='ocrx_word' id='word_1_249' title='bbox 1015 2493 1144 2541; x_wconf 87' lang='lat' dir='ltr'><strong>dixit,</strong></span> <span class='ocrx_word' id='word_1_250' title='bbox 1175 2493 1266 2536; x_wconf 88' lang='lat' dir='ltr'><strong>haec</strong></span> <span class='ocrx_word' id='word_1_251' title='bbox 1305 2494 1458 2537; x_wconf 83' lang='lat' dir='ltr'><strong>addit:</strong></span> <span class='ocrx_word' id='word_1_252' title='bbox 1493 2494 1665 2538; x_wconf 87' lang='lat' dir='ltr'><strong>“Nam</strong></span> 
     </span>
     <span class='ocr_line' id='line_1_28' title="bbox 156 2549 1669 2607; baseline 0.004 -17.226"><span class='ocrx_word' id='word_1_253' title='bbox 156 2549 374 2593; x_wconf 84' lang='lat' dir='ltr'><strong>“talibus</strong></span> <span class='ocrx_word' id='word_1_254' title='bbox 405 2552 451 2592; x_wconf 89' lang='lat' dir='ltr'><strong>in</strong></span> <span class='ocrx_word' id='word_1_255' title='bbox 481 2552 589 2593; x_wconf 90' lang='lat' dir='ltr'><strong>locis</strong></span> <span class='ocrx_word' id='word_1_256' title='bbox 622 2556 671 2593; x_wconf 92' lang='lat' dir='ltr'><strong>ut</strong></span> <span class='ocrx_word' id='word_1_257' title='bbox 705 2554 937 2606; x_wconf 82' lang='lat' dir='ltr'><strong>appareat,</strong></span> <span class='ocrx_word' id='word_1_258' title='bbox 967 2563 1044 2592; x_wconf 88' lang='lat' dir='ltr'><strong>cur</strong></span> <span class='ocrx_word' id='word_1_259' title='bbox 1075 2551 1142 2592; x_wconf 83' lang='lat' dir='ltr'><strong>hae</strong></span> <span class='ocrx_word' id='word_1_260' title='bbox 1169 2552 1396 2606; x_wconf 83' lang='lat' dir='ltr'><strong>particulae</strong></span> <span class='ocrx_word' id='word_1_261' title='bbox 1427 2559 1669 2607; x_wconf 83' lang='lat' dir='ltr'><strong>sequantur</strong></span> 
     </span>
     <span class='ocr_line' id='line_1_29' title="bbox 156 2607 1671 2663; baseline 0.003 -15"><span class='ocrx_word' id='word_1_262' title='bbox 156 2608 188 2633; x_wconf 77' lang='lat'><strong>‘⁶</strong></span> <span class='ocrx_word' id='word_1_263' title='bbox 175 2607 470 2663; x_wconf 76' lang='lat' dir='ltr'><strong>‘participiat</strong></span> <span class='ocrx_word' id='word_1_264' title='bbox 504 2608 595 2650; x_wconf 84' lang='lat' dir='ltr'><strong>haec</strong></span> <span class='ocrx_word' id='word_1_265' title='bbox 613 2611 776 2651; x_wconf 88' lang='lat' dir='ltr'><strong>mutari</strong></span> <span class='ocrx_word' id='word_1_266' title='bbox 798 2608 845 2650; x_wconf 90' lang='lat' dir='ltr'><strong>in</strong></span> <span class='ocrx_word' id='word_1_267' title='bbox 866 2612 1070 2663; x_wconf 88' lang='lat' dir='ltr'><strong>tempora</strong></span> <span class='ocrx_word' id='word_1_268' title='bbox 1086 2609 1211 2650; x_wconf 83' lang='lat' dir='ltr'><strong>finita</strong></span> <span class='ocrx_word' id='word_1_269' title='bbox 1238 2609 1301 2651; x_wconf 90' lang='lat' dir='ltr'><strong>sic</strong></span> <span class='ocrx_word' id='word_1_270' title='bbox 1320 2608 1497 2659; x_wconf 90' lang='lat' dir='ltr'><strong>debent,</strong></span> <span class='ocrx_word' id='word_1_271' title='bbox 1531 2615 1582 2653; x_wconf 89' lang='lat' dir='ltr'><strong>ut</strong></span> <span class='ocrx_word' id='word_1_272' title='bbox 1600 2611 1671 2654; x_wconf 88' lang='lat' dir='ltr'><strong>his</strong></span> 
     </span>
     <span class='ocr_line' id='line_1_30' title="bbox 159 2662 1670 2721; baseline 0.004 -15.199"><span class='ocrx_word' id='word_1_273' title='bbox 159 2664 435 2707; x_wconf 81' lang='lat' dir='ltr'><strong>“addantur</strong></span> <span class='ocrx_word' id='word_1_274' title='bbox 469 2667 695 2721; x_wconf 83' lang='lat' dir='ltr'><strong>particulae</strong></span> <span class='ocrx_word' id='word_1_275' title='bbox 729 2669 792 2718; x_wconf 79' lang='grc' dir='ltr'><strong>ὡς,</strong></span> <span class='ocrx_word' id='word_1_276' title='bbox 835 2665 931 2714; x_wconf 54' lang='lat' dir='ltr'><strong>{Lm</strong></span> <span class='ocrx_word' id='word_1_277' title='bbox 967 2667 1032 2707; x_wconf 78' lang='grc' dir='ltr'><strong>ἐπε</strong></span> <span class='ocrx_word' id='word_1_278' title='bbox 1018 2662 1113 2715; x_wconf 74' lang='grc' dir='ltr'>ειδὴ,</span> <span class='ocrx_word' id='word_1_279' title='bbox 1155 2683 1216 2706; x_wconf 82' lang='grc' dir='ltr'><strong>οετ</strong></span> <span class='ocrx_word' id='word_1_280' title='bbox 1246 2667 1429 2720; x_wconf 86' lang='lat' dir='ltr'><strong>aliaeque</strong></span> <span class='ocrx_word' id='word_1_281' title='bbox 1458 2668 1670 2711; x_wconf 49' lang='lat' dir='ltr'><strong>similes?</strong></span> 
     </span>
     <span class='ocr_line' id='line_1_31' title="bbox 154 2718 1670 2780; baseline 0.003 -16"><span class='ocrx_word' id='word_1_282' title='bbox 154 2718 269 2764; x_wconf 90' lang='lat' dir='ltr'><strong>Tum</strong></span> <span class='ocrx_word' id='word_1_283' title='bbox 292 2727 450 2777; x_wconf 83' lang='lat' dir='ltr'><strong>praeter</strong></span> <span class='ocrx_word' id='word_1_284' title='bbox 469 2724 557 2765; x_wconf 86' lang='lat' dir='ltr'><strong>alia</strong></span> <span class='ocrx_word' id='word_1_285' title='bbox 578 2725 780 2778; x_wconf 83' lang='lat' dir='ltr'><strong>exempla</strong></span> <span class='ocrx_word' id='word_1_286' title='bbox 799 2724 925 2780; x_wconf 88' lang='lat' dir='ltr'><strong>ponit</strong></span> <span class='ocrx_word' id='word_1_287' title='bbox 949 2721 1132 2766; x_wconf 80' lang='lat' dir='ltr'><strong>Theocr.</strong></span> <span class='ocrx_word' id='word_1_288' title='bbox 1163 2724 1285 2766; x_wconf 76' lang='lat' dir='ltr'><strong>xxiv.</strong></span> <span class='ocrx_word' id='word_1_289' title='bbox 1322 2723 1392 2767; x_wconf 83' lang='grc'><strong>20.</strong></span> <span class='ocrx_word' id='word_1_290' title='bbox 1428 2730 1474 2768; x_wconf 91' lang='lat' dir='ltr'><strong>et</strong></span> <span class='ocrx_word' id='word_1_291' title='bbox 1504 2724 1670 2769; x_wconf 85' lang='lat' dir='ltr'><strong>Matth.</strong></span> 
     </span>
     <span class='ocr_line' id='line_1_32' title="bbox 154 2779 1671 2837; baseline 0.003 -16"><span class='ocrx_word' id='word_1_292' title='bbox 154 2780 248 2821; x_wconf 78' lang='lat' dir='ltr'><strong>xxi.</strong></span> <span class='ocrx_word' id='word_1_293' title='bbox 285 2779 323 2822; x_wconf 87' lang='lat'><strong>1.</strong></span> <span class='ocrx_word' id='word_1_294' title='bbox 355 2780 431 2822; x_wconf 85' lang='lat' dir='ltr'><strong>sed</strong></span> <span class='ocrx_word' id='word_1_295' title='bbox 463 2781 573 2822; x_wconf 90' lang='lat' dir='ltr'><strong>nibil</strong></span> <span class='ocrx_word' id='word_1_296' title='bbox 607 2782 814 2836; x_wconf 84' lang='lat' dir='ltr'><strong>amplius.</strong></span> <span class='ocrx_word' id='word_1_297' title='bbox 870 2780 951 2823; x_wconf 85' lang='lat'>1110</span> <span class='ocrx_word' id='word_1_298' title='bbox 985 2781 1120 2834; x_wconf 85' lang='lat' dir='ltr'><strong>igitur</strong></span> <span class='ocrx_word' id='word_1_299' title='bbox 1154 2785 1367 2837; x_wconf 83' lang='lat' dir='ltr'><strong>tempore,</strong></span> <span class='ocrx_word' id='word_1_300' title='bbox 1397 2796 1495 2824; x_wconf 89' lang='lat' dir='ltr'><strong>cum</strong></span> <span class='ocrx_word' id='word_1_301' title='bbox 1518 2785 1602 2826; x_wconf 83' lang='lat' dir='ltr'><strong>ista</strong></span> <span class='ocrx_word' id='word_1_302' title='bbox 1624 2784 1671 2826; x_wconf 92' lang='lat' dir='ltr'><strong>in</strong></span> 
     </span>
     <span class='ocr_line' id='line_1_33' title="bbox 156 2837 1673 2894; baseline 0.005 -16"><span class='ocrx_word' id='word_1_303' title='bbox 156 2837 389 2879; x_wconf 67' lang='grc' dir='ltr'><strong>Ληίωᾶιὶν.</strong></span> <span class='ocrx_word' id='word_1_304' title='bbox 439 2840 664 2887; x_wconf 81' lang='lat' dir='ltr'><strong>scriberet,</strong></span> <span class='ocrx_word' id='word_1_305' title='bbox 712 2853 800 2881; x_wconf 92' lang='lat' dir='ltr'><strong>non</strong></span> <span class='ocrx_word' id='word_1_306' title='bbox 846 2838 983 2894; x_wconf 85' lang='lat' dir='ltr'><strong>probe</strong></span> <span class='ocrx_word' id='word_1_307' title='bbox 1027 2840 1241 2881; x_wconf 88' lang='lat' dir='ltr'><strong>memoria</strong></span> <span class='ocrx_word' id='word_1_308' title='bbox 1275 2840 1455 2883; x_wconf 85' lang='lat' dir='ltr'><strong>tenebat</strong></span> <span class='ocrx_word' id='word_1_309' title='bbox 1485 2841 1576 2884; x_wconf 86' lang='lat' dir='ltr'><strong>haec</strong></span> <span class='ocrx_word' id='word_1_310' title='bbox 1615 2842 1673 2885; x_wconf 84' lang='lat' dir='ltr'><strong>ad</strong></span> 
     </span>
     <span class='ocr_line' id='line_1_34' title="bbox 156 2893 1674 2953; baseline 0.005 -18"><span class='ocrx_word' id='word_1_311' title='bbox 156 2893 477 2938; x_wconf 79' lang='lat' dir='ltr'><strong>Anacreontcm</strong></span> <span class='ocrx_word' id='word_1_312' title='bbox 509 2897 641 2939; x_wconf 87' lang='lat' dir='ltr'><strong>dicta.</strong></span> <span class='ocrx_word' id='word_1_313' title='bbox 702 2896 860 2953; x_wconf 87' lang='lat' dir='ltr'><strong>Neque</strong></span> <span class='ocrx_word' id='word_1_314' title='bbox 891 2897 1010 2938; x_wconf 87' lang='lat' dir='ltr'><strong>enim</strong></span> <span class='ocrx_word' id='word_1_315' title='bbox 1033 2908 1211 2939; x_wconf 85' lang='lat' dir='ltr'><strong>causam</strong></span> <span class='ocrx_word' id='word_1_316' title='bbox 1239 2897 1285 2940; x_wconf 89' lang='lat' dir='ltr'><strong>in</strong></span> <span class='ocrx_word' id='word_1_317' title='bbox 1306 2898 1375 2940; x_wconf 88' lang='lat' dir='ltr'><strong>his</strong></span> <span class='ocrx_word' id='word_1_318' title='bbox 1394 2899 1562 2948; x_wconf 80' lang='lat' dir='ltr'><strong>attulit,</strong></span> <span class='ocrx_word' id='word_1_319' title='bbox 1595 2913 1674 2942; x_wconf 82' lang='lat' dir='ltr'><strong>cur</strong></span> 
     </span>
    </p>
   </div>
   <div class='ocr_carea' id='block_1_10' title="bbox 155 2950 1676 3010">
    <p class='ocr_par' dir='ltr' id='par_1_10' title="bbox 155 2950 1676 3010">
     <span class='ocr_line' id='line_1_35' title="bbox 155 2950 1676 3010; baseline 0.004 -14"><span class='ocrx_word' id='word_1_320' title='bbox 155 2950 299 2997; x_wconf 67' lang='lat' dir='ltr'><strong>Greci</strong></span> <span class='ocrx_word' id='word_1_321' title='bbox 320 2952 591 3010; x_wconf 79' lang='lat' dir='ltr'><strong>pleonasmis</strong></span> <span class='ocrx_word' id='word_1_322' title='bbox 620 2953 712 3004; x_wconf 80' lang='lat' dir='ltr'><strong>illis</strong></span> <span class='ocrx_word' id='word_1_323' title='bbox 734 2957 803 3000; x_wconf 81' lang='lat' dir='ltr'><strong>usi</strong></span> <span class='ocrx_word' id='word_1_324' title='bbox 826 2955 933 3006; x_wconf 81' lang='lat' dir='ltr'><strong>sint,</strong></span> <span class='ocrx_word' id='word_1_325' title='bbox 963 2955 1040 3002; x_wconf 83' lang='lat' dir='ltr'><strong>sed</strong></span> <span class='ocrx_word' id='word_1_326' title='bbox 1069 2956 1374 3000; x_wconf 79' lang='lat' dir='ltr'><strong>tantummodo</strong></span> <span class='ocrx_word' id='word_1_327' title='bbox 1406 2957 1571 3002; x_wconf 85' lang='lat' dir='ltr'><strong>tirones</strong></span> <span class='ocrx_word' id='word_1_328' title='bbox 1602 2959 1676 3002; x_wconf 90' lang='lat' dir='ltr'><strong>do-</strong></span> 
     </span>
    </p>
   </div>
  </div>
 </body>
</html>
