1838 3164
162 79 223 123 24
280 70 283 72 “
602 84 973 128 PLEONASMUS
1002 86 1273 127 ARTICULI.

173 198 345 242 wahren
374 198 633 244 Verrather!
666 200 769 243 Non
803 201 978 242 diversa
1009 201 1074 243 vis
1104 202 1281 243 articuli
1305 204 1372 243 est
1402 201 1691 257 (quamquam

174 271 245 299 res
274 259 399 308 facit,
429 263 479 301 ut
509 260 786 313 aliquantum
822 260 1034 300 interesse
1064 260 1209 314 putes)
1245 258 1433 301 Memor.
1474 260 1530 301 iv.
1563 257 1610 306 4,
1645 257 1688 299 5.

174 316 311 358 πάντα
329 317 459 365 μεστοὶ
473 315 560 358 εἶναι
582 323 656 359 τῶν
679 315 915 366 διδαξόντων,
932 315 1075 359 omnia
1089 316 1221 373 plena
1236 331 1320 359 eSSe
1340 331 1498 364 eorum,
1523 314 1601 373 qui
1618 315 1695 358 Ιιοσ

167 373 444 429 profitentur,
465 373 515 418 in
533 374 610 417 Ιιοο
623 373 748 418 unice
761 380 995 421 versantur,
1012 373 1121 417 adeo
1139 380 1189 416 ut
1203 373 1355 432 parati
1367 374 1456 417 sint
1467 373 1528 417 ad
1547 373 1699 416 docem

177 429 296 474 dum.
355 430 519 475 Eodem
538 447 621 475 usu
643 438 745 475 ante
765 433 1130 485 interrogativum
1148 433 1207 474 τίς
1224 435 1269 474 in
1286 446 1496 488 responso
1524 432 1698 485 flagitat

178 501 336 532 nornen
356 491 546 532 hominis
568 492 770 545 insignis,
791 494 835 531 et
868 491 1061 531 maxime
1085 491 1416 545 appellativum.
1477 490 1590 532 Plat.
1609 489 1697 531 vol.

178 549 235 589 vi.
256 561 302 602 p.
328 548 424 591 134.
457 551 488 590 οἱ
503 548 542 590 δὲ
563 554 635 592 τοῦ
655 551 752 590 τίνος
771 549 890 597 νόμοι,
920 547 1061 603 ἄριστοι
1081 552 1167 590 ταῖς
1187 550 1347 603 ψυχαῖς
1365 552 1440 590 τῶν
1462 547 1695 603 ἅνθρώπωνς

179 605 272 659 οὐχὶ
293 610 360 648 τοῦ
381 609 599 655 βασιλέως;
630 605 753 648 (baffia.
814 605 917 647 Vid.
949 605 1052 659 Vig.
1081 607 1134 648 de
1163 606 1404 649 Idiotismis
1440 607 1506 648 iii.
1549 605 1616 653 11,
1652 605 1696 646 3.

179 660 254 706 Sic
283 668 328 706 et
348 678 448 706 cum
478 666 681 707 irrisione
700 678 779 719 per
801 661 989 706 ironiam
1019 664 1252 706 adhibetur
1282 664 1433 722 Eurip.
1457 663 1575 706 Med.
1595 662 1697 706 274.

177 719 281 764 Vid.
299 720 485 767 Valken.
507 723 563 765 ad
585 722 804 764 Phoeniss.
830 736 874 777 p.
897 721 996 763 553.
1586 758 1589 760 .

234 780 277 822 3.
310 779 359 822 In
398 782 555 836 primis
594 779 880 836 participium
916 779 1051 834 τυχὼν
1089 793 1188 822 cum
1230 781 1416 822 articulo
1445 779 1701 821 nominibus

178 838 386 892 subjungi
410 841 535 881 solet.
596 837 799 892 Xenoph.
825 837 962 880 Mem.
986 839 1052 879 iii.
1094 838 1161 887 11,
1182 837 1225 879 4.
1258 839 1293 879 ἐν
1327 837 1462 882 ἐσθῆτι
1491 836 1556 878 καὶ
1587 835 1701 892 θερα-

179 897 273 949 πεῖρε
288 899 331 938 οὐ
360 901 413 952 τῇ
434 899 630 953 τυχούσῃ,
662 898 699 938 si
720 896 878 938 Latine
899 897 956 937 ad
989 896 1171 937 verbum
1205 899 1365 946 vertas,
1397 908 1497 936 cum
1530 895 1701 935 nullum

180 953 344 996 habeas
365 956 619 1003 articulum,
655 956 852 1008 gravitas
875 954 1019 1009 perit.
1081 953 1282 996 Breviter
1307 957 1455 995 tamen
1483 951 1608 993 reddi
1627 963 1701 1004 po-

180 1015 269 1054 test
298 1011 484 1054 vestibus
506 1019 548 1054 et
563 1011 754 1071 famulis
773 1026 860 1055 non
878 1010 1126 1068 vulgaribus
1143 1011 1249 1059 illis,
1267 1015 1346 1052 aut
1368 1042 1378 1052 .
1403 1042 1414 1051 .
1441 1041 1450 1051 .
1469 1017 1513 1052 et
1537 1008 1707 1066 quidem

180 1083 269 1112 non
289 1069 554 1126 vulgaribus,
617 1070 690 1113 Sic
709 1069 816 1113 Luc.
843 1070 938 1113 Act.
960 1070 1115 1124 Apost.
1137 1070 1293 1112 xxviii.
1316 1068 1358 1110 2.
1381 1067 1544 1110 AElian.
1570 1066 1623 1108 V.
1645 1065 1705 1108 H.

180 1129 241 1170 vi.
270 1127 335 1170 12.
366 1128 565 1181 Alciphr.
588 1130 652 1170 iii.
677 1128 745 1171 59.
778 1128 958 1170 Lucian.
981 1127 1094 1170 Pisc.
1121 1128 1186 1170 17.
1211 1133 1255 1169 et
1276 1125 1478 1169 Eunuch.
1506 1125 1572 1167 11.
1595 1125 1708 1166 Lon-

178 1187 271 1239 gin.
294 1187 354 1227 ix.
376 1185 418 1228 9.
454 1185 603 1241 Polyb.
622 1188 681 1229 vi.
705 1187 741 1228 1.
774 1186 923 1229 AEneae
946 1186 1134 1229 Poliorc.
1149 1186 1191 1228 5.
1214 1190 1259 1228 et
1281 1185 1323 1227 6.
1384 1184 1488 1226 Alia
1506 1183 1708 1227 dedimus

180 1245 228 1286 in
248 1242 559 1299 Xenophontis
579 1246 739 1286 indice.

238 1301 282 1344 4.
315 1301 489 1344 ‚Iustior
519 1307 586 1346 est
617 1305 898 1357 pleonasmus
933 1303 1108 1344 articuli
1143 1302 1395 1344 nominibus
1430 1311 1709 1342 numerorum

179 1361 470 1404 cardinalium
498 1362 742 1416 praepositi,
778 1364 822 1402 et
852 1361 1030 1413 quidem
1060 1361 1112 1402 de
1145 1361 1293 1406 rebus,
1324 1371 1513 1412 quorum
1534 1370 1621 1399 non
1641 1359 1710 1397 est

182 1418 412 1470 legitimus
440 1424 519 1460 aut
549 1423 710 1460 natura
738 1419 946 1459 definitus
982 1431 1204 1459 numerus.
1267 1415 1480 1458 Herodot.
1512 1416 1607 1456 viii.
1636 1413 1708 1455 82.

181 1474 474 1532 Ἔξεπλπροῦτο
504 1476 550 1518 τὸ
569 1475 738 1518 ναυτικὸν
759 1480 852 1517 τοῖσι
875 1474 1049 1518 “Ἐλλ·ησι
1066 1478 1108 1521 ,ἐς
1128 1475 1200 1516 τοὶς
1229 1473 1444 1523 ὀγδώκοντα
1468 1473 1532 1513 καὶ
1563 1488 1711 1527 τριηκο-

182 1534 270 1575 σίαις
288 1536 395 1578 vias.
454 1533 657 1588 Xenoph.
678 1533 790 1588 Exp.
821 1532 929 1588 ,Cyri
951 1534 997 1574 ii.
1019 1533 1060 1584 6,
1087 1532 1152 1574 15.
1184 1531 1229 1575 ἦν
1254 1532 1291 1572 δὲ
1312 1561 1322 1572 .
1347 1563 1357 1572 .
1382 1563 1391 1572 .
1424 1529 1526 1583 α’μφῖ
1544 1530 1595 1570 τοὶ
1621 1545 1713 1570 ωεν-

185 1592 357 1636 τήκοντα
375 1593 473 1635 ’έτηε
503 1593 580 1633 ubi
603 1593 863 1639 notandum,
884 1591 938 1631 de
969 1591 1122 1632 ceteris
1156 1590 1339 1630 ducibus
1371 1588 1616 1632 interfectis
1643 1600 1713 1628 ar-

185 1650 373 1692 ticulum
395 1663 483 1691 non
514 1651 744 1691 adhiberi:
778 1662 867 1702 quo
901 1649 1129 1701 indignior
1160 1647 1435 1700 significatur
1466 1647 1562 1698 ejus
1594 1657 1714 1686 mors

186 1707 343 1756 fuisse,
365 1710 533 1762 quippe
558 1708 653 1764 jam
689 1708 745 1748 ad
779 1709 1051 1748 senectutem
1082 1706 1295 1760 provecti.
1355 1703 1426 1746 Cf.
1450 1706 1479 1746 i.
1500 1703 1545 1751 7,
1572 1702 1637 1745 10.
1669 1705 1715 1744 et

187 1766 229 1820 ξ.
257 1766 320 1808 12.
352 1765 536 1808 Lucian.
561 1765 760 1807 Macrob.
781 1779 816 1806 c.
841 1764 882 1805 8.
917 1765 987 1806 bis
1018 1765 1219 1815 occurrit,
1252 1765 1348 1803 tum
1367 1776 1404 1803 c.
1444 1762 1509 1804 10.
1545 1760 1610 1802 18.
1641 1759 1713 1802 22.

188 1823 262 1867 26,
325 1824 427 1866 Non
460 1837 540 1878 per
567 1827 711 1864 totum
747 1823 942 1864 libellum
977 1824 1172 1864 numeris
1209 1833 1442 1868 annorum,
1473 1832 1582 1873 quos
1613 1835 1716 1866 μοικ-

190 1884 306 1939 ρόβιοι
321 1883 385 1924 illi
407 1882 612 1932 vixerint,
632 1881 869 1922 adhibetur
898 1881 1129 1927 articulus,
1159 1881 1266 1933 quia
1285 1879 1594 1930 crebrior-ejus
1613 1889 1720 1919 usus

189 1941 438 1995 peperisset
457 1939 654 1982 taedium.
716 1938 838 1979 Adde
862 1936 972 1978 Xen.
1011 1935 1115 1990 Cyri
1153 1936 1273 1979 Disc.
1295 1950 1335 1978 v.
1358 1936 1400 1987 2,
1428 1936 1466 1984 1,
1498 1936 1558 1977 vi.
1579 1934 1623 1981 3,
1649 1931 1716 1974 19.

191 2002 237 2040 et
273 1997 406 2039 Diod.
443 1997 531 2038 Sic.
564 1997 657 2037 xvi.
689 1995 762 2037 38.
800 1996 877 2036 ubi
912 1994 1119 2048 Phayllus
1149 1999 1225 2036 τῶν
1252 1994 1507 2050 στρατιωτῶν
1527 1994 1722 2040 ἀπέβαλεν

190 2061 260 2099 οὐκ
276 2058 464 2098 ἐλάττους
479 2059 554 2096 τῶν
581 2054 787 2095 διακοσίων.
848 2052 934 2094 Sed
952 2054 1048 2106 jam
1068 2053 1233 2094 dudum
1248 2053 1302 2094 de
1331 2053 1414 2093 hoc
1435 2065 1518 2093 usu
1549 2048 1722 2091 articuli

193 2116 411 2168 agendum
431 2117 542 2155 erat.
603 2112 808 2165 Proprie,
834 2115 886 2152 ut
906 2111 1014 2161 dixi,
1033 2112 1215 2166 ponitur
1243 2111 1297 2151 de
1317 2116 1437 2152 certo
1456 2113 1501 2151 et
1521 2108 1722 2162 leg-§timo

194 2185 395 2220 numero,
444 2175 494 2212 ut
524 2168 773 2224 CyriDisc.
810 2170 842 2210 i.
878 2168 923 2217 2,
960 2168 1022 2210 12.
1066 2173 1177 2210 extr.
1216 2174 1261 2210 et
1304 2168 1369 2209 13.
1410 2171 1455 2208 et
1498 2165 1562 2207 15.
1619 2164 1722 2206 Jam
1774 2174 1777 2178 ·

193 2232 271 2273 ubi
296 2232 437 2284 major
471 2229 651 2282 quidam
677 2240 887 2269 numerus
918 2226 1116 2273 effertur,
1149 2227 1224 2267 sed
1259 2227 1381 2267 nulla
1402 2225 1499 2277 lege
1515 2225 1594 2265 aut
1620 2234 1722 2263 con-

197 2289 429 2331 suetudine
449 2287 673 2335 definitus,
695 2285 908 2327 articulus
924 2285 1013 2326 vim
1033 2284 1140 2325 dicti
1161 2287 1295 2336 auget
1321 2296 1387 2334 eo,
1410 2281 1528 2336 quod
1559 2279 1725 2332 signifi-

197 2352 286 2395 cat,
318 2357 540 2388 numerum
565 2357 667 2392 esse,
699 2354 795 2397 qua
816 2356 958 2384 veram
982 2347 1023 2383 et
1056 2340 1350 2383 admirabilem
1379 2336 1727 2395 magnitudinem

198 2403 346 2446 metiri
371 2401 600 2460 possimus.
693 2400 750 2443 Et
785 2402 847 2442 sic
888 2400 1056 2441 nostri:
1109 2398 1171 2440 Er
1209 2397 1345 2440 verior
1382 2411 1441 2439 an
1474 2395 1548 2438 die
1579 2394 1723 2438 50000

207 2461 361 2505 ΤΙιαίεν
378 2476 393 2509 ,·
423 2464 469 2502 et
501 2458 565 2500 Er
578 2459 637 2502 ist
656 2473 715 2501 an
734 2456 807 2499 die
826 2457 883 2500 90
909 2456 945 2499 J
945 2456 1046 2499 altre
1065 2455 1127 2499 alt
1142 2454 1545 2513 geworden.-—·Vid.
1571 2458 1617 2495 et
1639 2453 1726 2493 πᾶς

171 2517 179 2523 ’
197 2522 246 2562 in
265 2518 578 2562 numeralibus.
1471 2559 1485 2567 ,

259 2581 301 2622 5.
332 2577 546 2629 Jungitur
568 2575 641 2616 ille
671 2585 804 2628 porro
823 2588 923 2616 cum
945 2572 1294 2615 demonstrativo
1325 2569 1586 2625 pronomine
1609 2567 1726 2608 hunc

202 2643 250 2684 in
270 2637 475 2680 modum:
509 2638 642 2676 τοῦτον
659 2631 722 2672 τὸν
743 2631 954 2687 ἄνθρωπον,
973 2635 1051 2672 aut
1082 2630 1145 2671 τὸν
1175 2627 1284 2684 ἅνθρ.
1305 2633 1436 2671 τοῦτον
1457 2631 1502 2667 et
1521 2625 1641 2679 ἐκείνῃ
1672 2628 1725 2679 τῇ

201 2700 352 2752 ἦμέρᾳς
397 2704 540 2744 neque¹
581 2691 754 2731 ratione
785 2690 828 2730 id
858 2691 1112 2743 postulante
1141 2687 1263 2742 (nam
1293 2687 1402 2728 satis
1437 2685 1553 2726 clare
1583 2681 1725 2722 solum

200 2763 445 2812 pronomen
487 2761 578 2789 rem
610 2748 920 2802 demonstrat),
955 2759 1096 2800 neque
1131 2758 1186 2786 ex
1221 2757 1303 2785 usu
1335 2745 1523 2785 aliarum
1557 2740 1728 2792 lingua-

205 2826 320 2859 rum,
362 2820 460 2860 quae
491 2805 636 2847 studio
668 2805 1031 2859 philosophorum
1065 2804 1247 2845 excultae
1287 2806 1405 2843 sunt.
1493 2796 1611 2839 Nam
1641 2796 1726 2837 etsi

229 2871 323 2928 pud
359 2865 539 2911 Ebraeos
585 2862 800 2904 articulus
837 2863 1000 2917 praefigi
1050 2863 1162 2902 solet
1199 2857 1536 2914 pronominibus
1584 2854 1729 2896 tertiae

139 2927 141 2929 ’
218 2939 418 2975 sersonae,
442 2926 494 2967 et
521 2922 570 2966 in
600 2921 703 2967 aliis
723 2921 846 2973 item,
873 2924 924 2963 ut
941 2921 1116 2975 opinor,
1145 2919 1327 2962 orientis
1356 2914 1548 2969 linguis:
1579 2916 1730 2959 tamen
