1838 3164
181 108 261 153 112
525 113 846 159 PLEONASMI
875 113 1368 156 CONJUNCTIONUM.

179 227 289 269 ratis
309 228 355 269 et
374 228 609 282 exquisitis
625 229 769 284 epulis
785 229 1043 284 disperdunt
1061 230 1268 283 pecunias
1285 230 1340 271 ad
1361 228 1471 271 alios
1488 241 1596 272 usus
1609 227 1695 272 sibi

178 284 323 328 datas,
382 283 529 328 Simili
562 288 735 329 ratione
768 287 1047 329 statuendum
1078 287 1131 327 de
1163 287 1231 328 his
1255 286 1283 328 J
1287 287 1444 342 osephi
1478 286 1698 330 Archaeol.

177 343 270 385 xiv.
297 341 366 396 12.
393 344 632 393 μετήνεγκαν
651 347 701 386 εἷς
723 343 798 385 Κῶ
818 344 868 384 πὶ
888 344 1086 398 χρήματα
1106 346 1137 385 οἱ
1157 349 1191 385 ἐν
1213 348 1265 400 τῇ
1282 343 1403 397 Ἀσίᾳ
1419 343 1614 394 Ἰουδαῖοι,
1635 339 1697 386 3ιᾶ

179 400 246 441 τὸν
260 401 308 459 ἐκ
327 397 576 456 Μιθριδάτου
595 403 722 455 φόβον.
782 399 851 442 Οὐ
869 401 944 456 ’γάρ
967 401 1063 442 εἰκὸς
1083 400 1170 443 τοὺς
1191 403 1226 445 ἐν
1249 406 1301 457 τῇ
1319 399 1508 455 Ἰουδαίᾳ,
1522 400 1698 444 adnatare

180 458 328 514 ὃχυράν
358 458 524 513 ’ἔχοντας
551 458 615 500 καὶ
648 459 711 500 τὸν
742 458 840 506 ναὸν,
870 460 1037 506 πέμπειν
1058 459 1255 514 χρήματα
1292 460 1342 499 εἷς
1365 457 1454 500 Κῶ·
1491 461 1582 500 ἀλλ’
1615 458 1697 514 οὐδὲ

179 514 322 557 τοὺςΐέν
339 514 615 572 Ἀλεξανδρείᾳ
634 520 900 562 κατοικοῦντᾳς
928 514 1139 558 Ἰουδαίους
1158 515 1314 558 πιθανὸν
1331 518 1450 558 ’τοῦτ’
1477 516 1558 558 ἐστὶ
1587 511 1699 564 woeffl-

180 587 260 622 σαι,
289 571 409 622 μὴδὲν
430 568 679 634 Μιξριδοέτην
700 573 879 615 saumas.

885 663 990 706 AN.
1214 691 1226 698 -
1501 689 1537 696 ‹-

237 745 347 791 Haec
364 747 584 805 particula
612 749 663 789 ut
692 747 943 800 conjunctio
973 750 1185 801 usurpata
1217 761 1299 803 pro
1326 748 1389 791 ἐὰν
1407 748 1554 791 aliena
1573 747 1640 789 est
1670 758 1698 788 a

179 808 367 848 materia
387 807 514 848 nobis
544 804 792 847 tractanda.
854 802 971 845 Nam
1005 806 1041 846 si
1073 805 1249 858 quando
1283 811 1382 860 post
1413 804 1700 862 parenthesin

179 867 261 921 aut
281 864 392 907 alias
422 863 662 905 sententias
681 861 863 916 periodo
889 861 1148 904 intertextas
1176 863 1336 904 iterum
1355 866 1551 918 ponitur,
1579 863 1699 918 pleo-

180 933 358 963 nasmus
377 926 444 963 est
459 921 619 963 nullus.
679 919 836 973 Neque
865 933 975 974 opus
1008 926 1076 962 est
1106 924 1156 962 ut
1189 933 1284 961 eam
1319 925 1555 974 tangamus
1584 933 1608 961 e
1639 918 1701 961 lo-

177 981 243 1021 eis
273 979 528 1034 excitatam,
556 979 632 1020 ubi
668 978 820 1019 eodem
854 978 900 1018 in
932 979 1128 1019 membro
1161 980 1353 1033 repetita
1381 980 1470 1020 vim
1501 977 1700 1019 adverbii

180 1037 329 1090 habet,
357 1040 408 1079 ut
429 1048 503 1092 ap.
536 1034 821 1078 Charitonem
855 1036 913 1076 vi.
948 1035 987 1076 6.
1013 1033 1091 1077 *Ar
1121 1035 1159 1077 δὲ
1180 1037 1384 1092 1ζ’ἶιαιιόϊερον
1404 1034 1448 1077 ἄν
1468 1052 1505 1077 τι
1525 1030 1701 1085 wirntone,

179 1095 270 1135 τότε
292 1095 375 1135 ἐστι’
394 1111 445 1134 σοι
461 1093 585 1150 καιρὸς
604 1092 783 1143 ἐπιδεῖξαι
802 1106 811 1133 :
845 1105 941 1134 cum
961 1106 1057 1135 vero
1077 1092 1307 1135 violentius
1326 1092 1433 1150 quid
1452 1091 1587 1146 (qubd
1607 1092 1702 1135 fieri

178 1152 344 1207 possit)
360 1149 704 1208 factumfuerit,
736 1156 825 1192 tum
841 1150 1013 1206 justum
1042 1148 1124 1192 tz‘bz·
1143 1149 1226 1192 erit
1245 1156 1422 1207 tempus,
1453 1163 1537 1206 quo
1569 1155 1702 1191 osten-

181 1208 262 1251 das
281 1213 364 1252 etc.
397 1207 463 1250 Ibi
486 1207 683 1251 Dorville
703 1209 915 1263 exemplis
947 1209 1037 1250 alio
1063 1209 1158 1251 loco
1193 1208 1452 1252 adhibendis
1483 1208 1700 1251 abutitur.

179 1265 284 1311 Vid.
307 1279 444 1322 supra
462 1266 547 1309 AN
569 1268 614 1309 in
634 1267 870 1309 adverbiis.

875 1354 1006 1397 APA.

244 1440 283 1483 1.
312 1438 411 1483 Hoc
446 1438 520 1495 ἄρα
551 1440 666 1481 inter
698 1439 976 1494 pleonasmos
1007 1438 1167 1485 refero,
1201 1437 1276 1479 ubi
1313 1440 1488 1480 tantum
1521 1435 1703 1478 inservit

180 1498 422 1554 apodoseos
451 1497 582 1539 initio
616 1495 904 1550 significando
937 1499 982 1537 et
1025 1496 1309 1537 annectendis
1349 1493 1568 1536 similibus
1607 1506 1703 1534 sen-

137 1564 149 1583 1‘
181 1556 339 1599 tentiis
367 1557 470 1610 post
503 1556 663 1608 genitt.
694 1556 1035 1606 consequentias.
1097 1551 1274 1594 Ocellus
1295 1551 1401 1594 Luc.
1424 1565 1459 1592 c.
1481 1552 1511 1592 i.
1533 1564 1578 1605 p.
1599 1549 1701 1592 512.

182 1616 253 1656 ed.
276 1612 388 1655 Gale
409 1626 417 1653 :
452 1610 501 1652 E}
524 1611 562 1653 δὲ
583 1612 668 1652 οὔτε
690 1613 762 1652 ὑπό
785 1628 879 1651 τινος
908 1614 982 1651 τῶν
1010 1608 1167 1658 ἔξωθεν,
1198 1609 1283 1650 οὔτε
1306 1610 1378 1650 ὑπὸ
1399 1625 1494 1649 τινος
1513 1612 1588 1649 τῶν
1607 1606 1704 1649 ’ἐνδο-

183 1670 250 1714 Βεν
267 1670 508 1726 φθαρήσεται
529 1669 574 1709 τὸ
592 1672 690 1717 ωᾶν,
712 1666 910 1722 ἄφθαρτος
929 1666 1003 1721 ἄρα
1034 1666 1097 1707 καὶ
1127 1664 1339 1722 ἀνώλεθρος
1358 1668 1376 1707 ὅ
1396 1667 1551 1713 κόσμος.
1581 1663 1706 1716 Adde

183 1726 392 1783 Xenoph.
416 1724 518 1780 Cyri
541 1725 662 1768 Dise.
689 1726 720 1767 i.
741 1725 786 1774 3,
806 1724 845 1766 2.
868 1727 912 1766 et
931 1723 1047 1767 Hist.
1073 1724 1154 1765 Gr.
1186 1724 1248 1766 iv.
1281 1722 1327 1772 2,
1361 1723 1433 1766 22.
1490 1721 1542 1764 In
1562 1720 1704 1766 ocelli

181 1787 281 1829 loco
301 1785 533 1838 subjicitur
557 1784 776 1826 conclusio
797 1787 902 1824 ante
921 1783 1076 1824 dictis:
1110 1786 1259 1824 tamen
1287 1794 1343 1824 ne
1362 1782 1444 1824 tali
1462 1779 1640 1834 quidem
1657 1781 1706 1822 in

183 1843 367 1900 apodosi
387 1843 681 1883 necessarium
702 1845 768 1882 est
790 1839 880 1895 ἄρα,
912 1840 1050 1882 multo
1067 1840 1230 1888 minus,
1260 1839 1336 1881 ubi
1353 1841 1476 1894 prior
1495 1840 1602 1893 pa'rs'
1628 1851 1705 1894 pe-

182 1902 297 1944 riodi
318 1903 489 1953 mutata
525 1900 570 1940 in
602 1897 822 1951 genitivos
855 1898 1175 1950 consequentiae
1209 1898 1416 1939 evanuit:
1449 1907 1553 1938 nam
1574 1896 1705 1949 longe

183 1955 459 2012 frequentius
481 1956 576 1998 sine
597 1956 672 2012 ἄρα
693 1957 782 1999 haec
800 1959 1142 2008 consequuntur.
1203 1954 1289 1996 Sed
1308 1967 1405 2007 quae
1425 1955 1493 1996 vis
1510 1956 1579 1995 est
1604 1966 1708 2010 par·

183 2018 333 2059 ticulae
355 2017 420 2058 ita
437 2014 625 2070 positae?
661 2013 755 2067 Ego
789 2025 968 2068 prorsus
1000 2013 1185 2055 eandem
1220 2024 1315 2055 esse
1342 2015 1466 2067 puto,
1495 2022 1629 2066 quam
1659 2011 1705 2053 in

186 2076 291 2123 illis,
321 2074 375 2115 de
394 2073 553 2126 quibus
574 2073 620 2113 in
640 2069 898 2113 Praemom'to
918 2070 972 2112 de
991 2071 1213 2113 adverbiis
1234 2070 1320 2124 egi.

246 2130 348 2174 Non
385 2132 559 2184 ingrata
589 2130 686 2171 fore
715 2133 825 2185 puto
855 2129 1077 2177 studiosis,
1111 2142 1210 2183 quae
1236 2128 1290 2170 de
1317 2126 1576 2170 Latinorum
1602 2139 1708 2183 ergo

186 2195 233 2234 et
263 2189 404 2245 igitur
434 2189 664 2231 observata
694 2187 765 2228 hic
803 2186 974 2228 addam.
1035 2185 1153 2228 Nam
1182 2189 1228 2228 et
1259 2186 1305 2227 hi
1337 2185 1394 2227 ad
1424 2184 1706 2228 indicandam

190 2249 402 2304 apodosin
424 2247 514 2288 illis
545 2245 776 2300 particulis
794 2245 863 2285 usi
887 2244 1180 2299 reperiuntur.
1215 2241 1308 2285 Cic.
1332 2242 1425 2285 Inv.
1450 2244 1479 2284 i.
1499 2241 1570 2284 34.
1594 2246 1706 2292 extr.

192 2304 359 2354 Quodsi
377 2303 527 2346 melius
558 2334 567 2344 .
594 2335 602 2345 .
629 2334 639 2343 .
660 2307 869 2358 geruntur
885 2316 898 2343 .·
925 2299 1106 2343 consilio
1133 2299 1275 2357 igitur
1298 2304 1382 2343 etc.
1443 2297 1511 2342 Ibi
1533 2298 1710 2342 Ernesti

190 2363 365 2410 statuit,
398 2366 563 2403 temere
589 2361 863 2413 immigrasse
898 2358 942 2399 τὸ
976 2357 1131 2415 igitur.
1191 2357 1397 2414 Inprimis
1432 2358 1497 2399 ita
1525 2357 1709 2399 Lactan-

190 2424 307 2464 tius:
343 2424 393 2461 ut
415 2420 462 2460 ii.
495 2419 558 2460 18.
594 2415 707 2459 Nam
731 2416 773 2459 si
802 2415 959 2471 religio
994 2430 1048 2459 eoe
1076 2413 1239 2457 divinis
1267 2414 1389 2458 rebus
1413 2420 1475 2457 est
1493 2445 1503 2455 .
1527 2445 1538 2457 .
1565 2446 1575 2456 .
1599 2429 1614 2456 .·
1643 2427 1709 2456 ca-

189 2485 285 2521 rent
315 2491 415 2533 ergo
443 2475 654 2531 religione
684 2481 763 2517 etc.
786 2475 850 2516 iii.
875 2473 915 2516 6.
947 2472 999 2515 Sz·
1018 2487 1119 2529 ergo
1143 2471 1325 2526 singulae
1348 2504 1358 2514 .
1383 2504 1392 2514 .
1419 2504 1429 2514 .
1452 2471 1708 2514 convincun-

191 2542 288 2578 tur.-
320 2547 458 2578 omnes
477 2532 620 2590 igitur
638 2546 758 2575 vanae
777 2538 859 2574 etc.
918 2530 1132 2574 Similiter
1149 2545 1188 2573 c.
1212 2530 1254 2573 8.
1275 2535 1319 2573 et
1339 2530 1400 2572 ll.
1421 2530 1614 2583 itemque
1639 2528 1706 2571 12.

188 2594 306 2637 med.

248 2652 292 2693 2.
327 2649 548 2703 Adjicitur
581 2647 654 2704 ἄρα
685 2648 914 2703 particulae
948 2647 1046 2687 ποτὲ
1083 2646 1197 2688 hunc
1221 2647 1263 2687 in
1294 2646 1498 2687 modum:
1540 2641 1596 2684 Τι’
1613 2643 1707 2684 ποτ’

193 2708 250 2766 ἄρ’
283 2709 310 2752 ἦ
333 2709 458 2749 κάπνη
486 2708 635 2759 ψοφεῖῗ
668 2707 894 2760 Aristoph.
917 2704 1048 2759 Vesp.
1077 2704 1168 2747 143.
1190 2708 1234 2745 et
1262 2702 1317 2744 Τι’
1335 2705 1425 2744 ποτ’
1458 2705 1501 2743 οὖ
1526 2701 1603 2755 πρὸ
1636 2698 1708 2741 S'u-

190 2773 263 2823 ρῶν
282 2766 424 2820 φαίνετ’
447 2763 502 2819 ἄρ’
534 2765 658 2811 rimu?
690 2777 726 2804 v,
750 2763 849 2805 273.
885 2762 934 2805 In
957 2763 1024 2803 his
1046 2767 1174 2814 urget
1203 2767 1248 2803 et
1270 2763 1409 2803 instat
1427 2759 1705 2811 interrogans

191 2827 273 2872 ita,
292 2827 342 2867 ut
361 2821 444 2864 sibi
465 2822 629 2873 aliquid
646 2822 900 2875 responderi
921 2821 1088 2874 cupiat,
1110 2821 1154 2860 in
1172 2832 1260 2873 quo
1279 2819 1410 2874 plane
1431 2815 1707 2868 acquiescere

192 2882 347 2938 possit.
423 2877 540 2921 Nam
582 2879 832 2920 conclusiva
869 2878 1084 2933 particula
1131 2877 1245 2918 sicut
1282 2874 1706 2929 argumentationem

192 2940 422 2988 terminat,
456 2936 654 2992 nihilque
681 2936 875 2993 amplius
905 2934 1214 2991 requirendum
1245 2946 1338 2977 esse
1369 2931 1604 2988 significat,
1639 2929 1709 2974 ita⁴
