1838 3164
160 131 247 177 200
696 149 891 183 ELprsis
912 147 1148 182 NOMINUM.

685 249 713 278 '⁸¹‘
742 248 986 296 ΝΟΜΟΣ,
1021 244 1166 290 LEX.

223 322 276 366 In
295 325 559 381 παραβαίνειν,
578 326 697 379 quod
711 327 837 367 notat
857 319 1114 378 transgredi,
1131 317 1292 363 violare
1310 317 1486 374 (leges).
1518 317 1677 372 Pytha-

168 395 300 436 goras
320 383 366 424 in
387 385 530 426 aureis
548 384 839 426 carminibus:

340 439 416 496 Πῇ
435 444 635 496 παρέβηνς
665 442 705 481 τί
724 440 757 479 δ’
777 436 913 494 ’έρεξαζ
945 437 985 478 τί
1002 454 1067 486 μοι
1085 434 1201 476 καλὸν
1221 436 1289 476 οὐκ
1309 432 1523 480 ἐτελέσθηζ

343 496 542 545 Quanam
559 512 605 540 re
623 494 782 539 violavi
799 494 982 550 (leges)?
1002 492 1110 552 quid
1125 490 1232 535 mali
1244 490 1448 550 patravi?
1468 488 1682 549 quodnam

398 569 427 598 α
445 570 511 598 me
529 555 682 599 bonum
699 559 758 596 est
774 551 1005 596 omissum?

170 610 440 654 Sonozrre.

172 724 208 767 B
228 669 256 695 ²*
285 668 474 712 Joannis
514 669 563 710 ii.
609 668 742 723 epist.
781 680 871 710 ver.
910 666 953 711 9.
1003 664 1099 708 Πᾶς
1129 665 1146 705 ὅ
1174 664 1434 721 παραβαίνων.
1465 675 1527 706 sc.
1558 661 1681 711 νόμον.

212 740 357 768 ΕηΝΗ.

229 783 255 811 *
285 782 448 825 AElian.
485 780 590 824 Var.
627 780 749 824 Hist.
779 783 878 824 xiii.
906 781 978 824 24.
1008 780 1195 837 ἔγραψεν,
1215 778 1413 822 -subaudi
1446 778 1571 827 νόμον,
1604 775 1684 830 (le-

169 842 290 898 gem)
314 840 448 904 dectz’t.
509 839 634 882 Alias
650 840 752 881 addi
776 841 901 882 solet.
933 838 1097 880 Lmsn.

603 911 605 914 ¹
677 919 926 968 ΝΟΜΟΣ,
957 917 1185 962 MODUS.

230 992 282 1036 In
302 992 424 1049 ’ὄρθιος
443 997 524 1036 etc.
585 992 815 1048 Euripides
837 992 1012 1034 Heracl.
1033 991 1134 1034 830.

339 1050 454 1092 ’Emi
474 1050 507 1091 δ’
531 1051 690 1107 ἐσῆμῃν’
712 1049 833 1106 ’ὄρθιον
851 1048 1070 1106 Τυρσηνικῇ

344 1108 560 1158 Σάλπιγεγι.

176 1164 415 1219 [Displicet
436 1168 528 1208 haec
546 1166 677 1207 ratio.
727 1163 895 1222 ’Όρθιον
919 1164 990 1207 h‘ic
1020 1167 1225 1206 neutrum
1255 1166 1322 1204 est
1358 1164 1402 1204 et
1431 1161 1688 1204 adverbiali-

171 1228 241 1263 ter
259 1224 435 1265 dicitur.
493 1222 641 1265 Po‘etae
675 1223 809 1265 verba
843 1224 954 1265 bene
984 1225 1184 1264 vertunt:
1218 1226 1248 1245 “
1273 1219 1511 1273 Postquam
1541 1221 1690 1260 autem

173 1281 352 1332 signum
387 1279 500 1323 clare
532 1283 683 1323 datum
716 1284 782 1322 est
811 1279 1081 1335 Tyrrhenica
1115 1277 1264 1320 tuba?
1322 1277 1394 1320 Sic
1430 1277 1566 1319 etiam
1593 1277 1692 1331 plu-

172 1339 266 1378 rale
301 1336 427 1392 ὄρθια.
475 1337 578 1380 Vid.
621 1338 857 1381 Ruhnken.
902 1339 959 1380 ad
999 1336 1160 1391 Hymn.
1201 1336 1249 1377 in
1292 1333 1440 1377 Cerer.
1483 1347 1571 1376 ver.
1615 1333 1687 1376 20.

173 1393 398 1451 scama]
594 1453 618 1479 ν
647 1451 890 1502 ΝΟΣΩΝ,
921 1447 1275 1495 AEGROTANS.

231 1525 347 1568 Vide
379 1523 487 1568 Obs.
522 1526 635 1569 Crit.
670 1527 785 1569 Nov.
821 1531 853 1568 t.
885 1526 951 1567 iii.
991 1539 1034 1581 p.
1058 1525 1128 1567 27.
1159 1522 1209 1565 F.
1241 1523 1318 1566 ST.
1377 1522 1592 1579 Disputat
1626 1523 1690 1564 ibi

175 1582 441 1625 Abreschius
455 1585 564 1626 satis
575 1586 749 1639 copiose
769 1583 826 1637 (si
844 1585 945 1637 quis
963 1587 990 1608 ‘⁶
1006 1583 1273 1637 loquaciter'’
1286 1582 1421 1630 dicat,
1437 1594 1523 1623 non
1537 1581 1690 1637 mirer)

175 1641 229 1682 de
249 1642 396 1682 verbis
410 1639 720 1696 Xenophontis
739 1640 900 1697 Ephes.
922 1655 968 1696 p.
990 1640 1061 1682 70.
1095 1639 1198 1682 Loc.
1232 1640 1370 1681 ’έκειντο
1400 1638 1439 1680 δὲ
1465 1638 1538 1680 ὑπὸ
1567 1636 1695 1686 μέθης

176 1716 216 1738 κ.
237 1714 276 1739 τ.
299 1707 341 1739 λ.
373 1700 568 1752 primum
589 1701 703 1741 nube
723 1701 1024 1754 exemplorum
1051 1698 1225 1748 docens,
1253 1698 1388 1738 verbo
1420 1695 1568 1739 κεῖσθαι
1594 1709 1694 1750 per-

177 1767 292 1810 saepe
321 1757 451 1809 Jungi
483 1757 786 1811 participium,
818 1760 921 1811 post
958 1769 1158 1804 monens,
1186 1755 1327 1796 nihilo
1360 1755 1504 1796 secius
1535 1754 1695 1795 “citra

177 1826 307 1853 omne
342 1813 691 1856 additamentum
736 1828 862 1856 suam
906 1814 1052 1855 verbis
1104 1817 1305 1855 constare
1347 1810 1694 1865 integritatem.''

178 1869 315 1911 Recte
334 1884 344 1910 :
377 1883 519 1923 neque
549 1885 661 1926 opus
681 1876 779 1914 erat
797 1871 1098 1913 Abreschiana
1117 1871 1172 1911 ad
1191 1870 1441 1924 catalogum
1458 1867 1694 1924 Ellipsium

179 1928 431 1981 augendum
451 1929 713 1982 detorqueri.
747 1930 950 1971 SGHAEF.

642 2011 672 2034 ³*
701 2009 930 2059 ΝΟΣΟΣ,
961 2007 1020 2051 M
1019 2006 1138 2052 ORB
1146 2006 1228 2051 US.

237 2078 290 2123 In
308 2083 524 2136 πλευρῖτις,
546 2080 694 2135 ἶσχιοὶς,
716 2080 902 2138 ἀξθρῖτις.
932 2081 1204 2123 SCHOETTG.

730 2163 919 2214 ΝΟΎΣ,
950 2164 1138 2208 MENS.

239 2238 454 2294 Προσέχειν
486 2239 686 2280 absolute
720 2251 895 2292 quoque
934 2239 1112 2289 dicitur,
1153 2246 1236 2294 pro
1274 2240 1477 2295 προσέχειν
1506 2237 1570 2280 τὸν
1601 2242 1697 2288 νοῦν,

182 2296 396 2338 attendere
440 2296 645 2338 animum.
722 2295 863 2338 Lucas
903 2298 952 2338 in
996 2297 1094 2339 Act.
1130 2298 1216 2339 xvi.
1266 2297 1330 2338 14.
1377 2296 1590 2352 Προσέχειν
1620 2298 1699 2337 τοῖς

184 2355 454 2401 λαλουμένοιςε
497 2360 546 2395 ut
582 2353 814 2410 (mentem)
850 2353 1084 2396 adverteret
1122 2353 1182 2396 ad
1213 2368 1279 2405 ea,
1311 2367 1402 2410 quae
1436 2352 1697 2395 dicebantur.

185 2411 260 2453 Sic
281 2409 414 2451 Hebr.
437 2411 486 2452 ii.
516 2412 552 2452 l.
582 2413 784 2466 προσέχειν
805 2414 884 2452 τοῖς
914 2411 1140 2453 ἄκουσῧεῖσι.
1173 2410 1307 2453 Plene
1342 2412 1456 2453 dix-it
1492 2409 1698 2453 Comicus

185 2469 234 2510 in
254 2467 288 2509 P
291 2469 413 2509 luto:
446 2467 628 2524 Πρόσεχε
651 2468 712 2508 τὸν
740 2473 833 2516 νοῦν,
854 2469 912 2509 ‘lvx
932 2468 1072 2525 '65155'722
1105 2468 1256 2511 adhibe
1273 2475 1466 2516 mentem,
1494 2473 1545 2510 ut
1576 2467 1700 2510 inlel-

185 2525 315 2581 ligaS.
387 2523 515 2567 Plato
544 2527 590 2566 in
621 2524 763 2580 Epist.
795 2525 939 2567 Αὐτοῖς
968 2526 1107 2582 σφόδρα
1141 2530 1346 2582 προσεῖχον
1372 2525 1435 2567 τὸν
1466 2531 1571 2568 vorm:
1612 2524 1702 2568 illis

182 2582 327 2626 sedulo
366 2581 633 2624 attendebam
670 2582 872 2624 animum.
956 2583 1206 2638 [Aristoph.
1238 2583 1358 2626 Nub.
1387 2598 1430 2626 v.
1471 2582 1603 2626 1010.÷
1635 2583 1700 2624 καὶ

185 2640 280 2695 πρὸς
316 2642 463 2681 τούτοις
491 2642 693 2696 προσέχῃς
723 2639 785 2680 τὸν
813 2645 904 2683 νοῦν.
935 2640 1033 2684 Pae.
1056 2655 1096 2683 v.
1118 2640 1209 2683 174.
1239 2643 1412 2697 πρόσεχε
1443 2640 1508 2683 τὸν
1541 2644 1620 2682 νοῦν
1648 2642 1699 2682 ὦς

187 2699 270 2745 ἐμέ.
301 2695 403 2738 Vid.
424 2695 652 2739 staveren.
681 2698 737 2739 ad
761 2696 888 2738 Corn.
917 2698 1032 2753 Nep.
1052 2712 1119 2741 xv.
1151 2713 1189 2740 c.
1212 2697 1254 2746 6,
1283 2698 1327 2740 2.
1361 2697 1612 2740 Hemsterh.
1642 2698 1699 2739 ad

186 2754 366 2797 Lucian.
387 2757 420 2795 t.
442 2754 471 2796 i.
502 2768 547 2810 p.
570 2754 669 2796 212.
703 2754 822 2807 (add.
854 2755 1110 2810 Alciphron.
1134 2757 1163 2797 i.
1183 2770 1254 2811 ep.
1274 2756 1346 2798 33.
1376 2769 1420 2810 p.
1445 2755 1561 2811 136.)
1593 2753 1698 2796 Ber-

186 2812 312 2858 nard.
347 2810 523 2864 Reliqu.
548 2810 665 2854 Med.
697 2811 807 2854 Crit.
839 2826 883 2867 p.
903 2812 974 2855 25.
1006 2813 1196 2856 Brunck.
1227 2814 1297 2855 ad.¹
1317 2813 1546 2868 Aristoph.
1565 2812 1698 2867 Vesp.

185 2883 225 2911 v.
263 2868 386 2912 1015.
432 2868 658 2925 SCHAEF]
735 2868 936 2913 AElianus
980 2873 1117 2914 etiam
1162 2874 1379 2927 προσέχειν’
1415 2870 1486 2914 τὴν
1542 2869 1698 2912 διάνοιαν

185 2927 300 2970 dixit
318 2925 422 2970 Var.
455 2926 570 2972 Hist.
602 2929 694 2972 xiv.
723 2943 761 2972 c.
777 2926 848 2973 43.
907 2929 1156 2988 Xenophon
1189 2927 1511 2980 OEconomioOr.
1539 2928 1617 2981 lib,
1647 2927 1699 2969 ii.
