1838 3164
479 148 796 207 PLEONASMI
824 163 1218 209 Num-:immuni
1547 160 1614 209 37:

542 278 791 347 MH'AEm'
819 308 864 347 et
893 302 1143 348 οτΔΕῙΣ.

173 388 422 434 Secundum
465 394 651 436 aliarum
689 393 939 446 linguarum
975 394 1192 435 rationem
1228 392 1319 435 haee
1359 392 1602 448 saepissime

101 444 343 500 abundant,
362 454 413 492 ut
433 451 470 492 si
490 452 608 492 dicas
627 463 726 494 eum
747 451 971 507 Aristoph.
1000 451 1118 493 Plut.
1151 449 1248 492 209.
1280 451 1340 497 μὴ
1357 454 1417 498 νῦν
1445 452 1609 498 μελέτω·

101 502 156 543 σοὶ
173 504 305 554 μηδὲν,
326 521 379 548 ne
381 507 484 563 jam
501 507 583 550 tibi
599 521 704 550 curae
718 508 954 565 quidquam
969 515 1056 552 esto
1069 524 1085 550 .·
1114 511 1174 555 et,
1191 511 1243 548 ut
1263 505 1388 549 Plato
1406 506 1568 549 alicubi
1585 519 1602 546 ε

98 559 182 602 οὐδὲ
198 562 371 618 χρῆσθαι
390 570 444 622 τῇ
458 566 645 622 ἀποκρίσει
663 565 764 607 οὐδὲν
778 565 892 607 olda-t?
912 565 1033 610 ἦσθα.
1092 564 1180 606 Sed
1192 563 1282 606 vid.
1298 567 1380 604 οὐκ.

774 656 899 698 ΠΑΣ

99 746 124 774 e
142 733 250 776 vett.
270 736 451 789 gramm.
473 739 693 779 sententia
718 750 847 790 sensu
869 738 991 779 nullo
1011 741 1272 792 usurpatum
1291 735 1411 780 dieta
1429 737 1604 792 passim

98 792 214 845 apud
235 790 478 835 Homerum
497 796 654 849 explet.
714 794 855 837 Schol.
875 796 981 836 min.
1009 796 1065 837 ad
1096 793 1148 836 Il.
1188 794 1238 837 Σ.
1271 794 1373 837 373.
1418 794 1604 851 τρίποδας

95 848 331 948 ὙΕἱξεῒῗέῗιῖσι
358 853 508 918 πᾴντας
538 854 696 950 ’έτὰευχεν
727 854 799 951 Sict
826 853 987 951 hie-bet:
1019 851 1284 952 Πξξισεῖὃινιθτό
1317 853 1483 951 πάνῖἔς.
1530 850 1605 951 ἓ

284 920 352 949 ius
395 921 442 949 in
482 923 563 951 ean
595 923 665 951 em
702 923 854 951 senen
879 923 980 951 iam.
1091 923 1201 952 1m11
1251 924 1273 951 r
1308 922 1390 951 auc
1439 923 1462 950 r
1498 922 1542 951 vi

98 961 278 1006 Homeri
301 978 346 1020 p.
366 965 463 1007 298.
486 967 555 1008 ed.
578 966 716 1008 Gale:
746 965 834 1008 Τῶν
860 967 899 1008 δὲ
929 969 1148 1022 σχημάτων
1174 967 1227 1008 τοὶ
1250 968 1320 1015 μὲν
1350 967 1456 1022 κατὰ
1485 974 1605 1008 πλεο-

97 1021 235 1069 νασμὸν
253 1027 363 1074 ποιεῖ,
385 1025 496 1064 ἐνίοτε
517 1025 586 1073 μὲν
605 1024 668 1065 διὰ
684 1024 728 1064 τὸ
752 1027 889 1080 μέτρον
907 1025 975 1079 (ὡς
996 1027 1030 1066 ἐν
1059 1027 1200 1073 τούτω,
1226 1023 1381 1080 Χρυσοΰ
1399 1023 1439 1065 δὲ
1456 1022 1604 1067 στήσας

93 1075 282 1120 Ὀδυσεὺς
310 1079 400 1121 δέκα
419 1083 549 1122 πάντα
564 1083 752 1124 τάλαντα·
774 1081 818 1122 τὸ
846 1083 922 1137 «γάρ
953 1084 1082 1124 πάντα.
1100 1099 1158 1130 μη
1184 1084 1218 1124 ὲν
1256 1085 1452 1123 συντελοῦν
1481 1081 1604 1129 ’ἐγκει-

93 1136 198 1245 {22}
210 1137 347 1249 ἕξτίἶῗ
365 1139 427 1237 ³33
446 1141 730 1249 ffifflffffl
746 1143 855 1252 ζὶἶὶ,
875 1139 1394 1250 .ἷῗῗ.ἓί.ῗ.“ἓὲιῗῖῗέἒ.ῗ.
1409 1136 1605 1237 Γῖἷῖῗέξ

200 1225 210 1234 ο
257 1225 267 1235 ι
350 1226 359 1235 ι
431 1228 440 1236 .
1399 1225 1411 1243 2

91 1249 276 1292 dicimus
303 1251 355 1293 10
381 1266 524 1308 ganze
559 1253 744 1302 Talente‚
774 1260 850 1297 aut
884 1255 935 1297 10
962 1254 1069 1296 volte
1098 1253 1144 1295 T.
1175 1258 1221 1296 et
1240 1254 1334 1295 fere
1354 1253 1471 1295 idem
1490 1264 1607 1300 esse,

89 1307 207 1358 quod
226 1306 324 1350 Lat.
348 1308 488 1351 decem
506 1310 599 1366 ipsa
617 1318 645 1354 t.
708 1311 805 1353 Hoc
819 1314 915 1366 Jam
936 1310 1113 1363 Clarke,
1131 1315 1183 1353 ut
1212 1310 1525 1360 video,'docuit
1546 1308 1606 1353 ad

89 1361 150 1424 ll.¹
163 1362 223 1405 H.
251 1364 345 1406 161.
368 1371 414 1408 et
433 1366 486 1408 K.
507 1367 607 1409 560.
638 1370 840 1423 pluribus
860 1370 965 1411 locis
984 1382 1106 1417 usus,
1120 1382 1255 1421 quam
1270 1381 1354 1421 ego
1372 1367 1608 1409 habebam.

90 1419 205 1473 Sunt
234 1427 401 1472 autem,
434 1430 593 1479 praeter
611 1426 704 1473 illa,
738 1424 788 1468 Il.
812 1425 860 1467 Σ.
879 1427 983 1475 373,
1003 1430 1049 1467 et
1068 1425 1166 1468 470.
1197 1426 1254 1467 T.
1289 1424 1392 1467 247.
1423 1423 1484 1465 Ω.
1504 1422 1610 1464 232.

89 1476 351 1536 Od.1.204.
410 1480 496 1524 Sed
529 1482 613 1524 Od.
652 1483 712 1525 Ω.
749 1483 819 1525 60.
852 1483 1011 1527 Μοῦσαι
1045 1483 1080 1522 δ’
1114 1485 1213 1525 ἐννέα
1243 1485 1364 1524 πᾶσαι
1401 1481 1487 1523 huc
1515 1492 1608 1522 non

86 1537 295 1589 pertinet.
356 1537 562 1582 Ceterum
578 1541 659 1583 hoc
677 1541 925 1584 addendum
959 1546 1083 1596 puto.
1144 1540 1276 1595 Apud
1308 1552 1399 1590 eos),
1429 1539 1507 1592 qui
1525 1550 1609 1592 per

91 1593 278 1636 decadas
297 1603 544 1648 numerant,
580 1612 788 1640 numerus
819 1600 1023 1641 denarius
1044 1600 1091 1641 in
1128 1599 1261 1639 rebus
1298 1597 1481 1650 maj0ris
1514 1608 1608 1637 mo-

93 1652 231 1709 menti
251 1652 381 1694 debet
396 1667 491 1695 esse
505 1656 692 1708 insignis
706 1657 1043 1710 magnitudinis,
1056 1659 1101 1697 et
1116 1656 1276 1697 habere
1285 1655 1413 1707 quasi
1429 1655 1607 1707 justum

87 1706 296 1751 luculenti
312 1724 353 1752 v.
377 1724 415 1753 e.
447 1713 548 1755 doni
578 1713 769 1755 modum.
830 1712 961 1756 Hunc
995 1714 1144 1755 fuisse
1165 1713 1394 1754 hominum
1430 1722 1609 1752 sensum

85 1768 218 1807 aetate
240 1765 439 1817 Homeri,
460 1771 695 1812 ostendunt
726 1772 821 1813 loca
858 1771 982 1812 haee:
1013 1769 1123 1812 11.1.
1165 1768 1259 1813 122.
1281 1772 1327 1810 et
1356 1766 1457 1809 264.
1518 1766 1606 1810 Od,

88 1822 151 1863 Δ.
174 1822 283 1882 129..
325 1825 471 1868 Etiam
500 1829 594 1869 sine
616 1828 866 1870 nominibus
898 1841 1179 1870 numerorum
1207 1828 1339 1868 πάντα
1358 1826 1416 1867 ad
1435 1825 1607 1880 magni-

38 1933 44 1939 .
87 1880 287 1924 tudinem
307 1897 452 1925 rerum
484 1886 812 1938 significandam
842 1886 1093 1935 adhibetur,
1127 1888 1178 1926 ut
1209 1881 1315 1925 11.1.
1335 1881 1436 1925 442.
1473 1886 1518 1924 et
1551 1881 1606 1924 Σ.

85 1936 184 1980 485.
218 1938 420 1995 Denique
442 1943 487 1984 in
503 1945 633 1984 miv-ra
652 1945 743 1984 τάλ.
776 1957 865 1986 non
896 1943 1024 1985 modo
1054 1944 1169 1984 inest
1200 1944 1364 1997 ἀκριβῶς
1382 1938 1604 1983 indicatus

86 2007 309 2044 numerus,
332 2001 406 2041 sed
420 2004 464 2041 et
480 2002 628 2054 magni
645 2003 814 2043 numeri
836 2001 1118 2055 significatio,
1130 1999 1247 2053 quod
1265 2011 1340 2054 ap.
1359 1996 1604 2052 Virgilium

85 2050 186 2095 AEn.
207 2068 245 2096 v.
263 2054 365 2097 248.
387 2071 592 2114 magnum
618 2057 819 2101 talentum
837 2060 1011 2100 dicitur.

143 2112 367 2155 Articulus
379 2116 545 2157 talibus
564 2117 730 2168 aliquid
748 2117 980 2170 gravitatis
994 2113 1357 2158 addere'videtur.
1386 2108 1604 2154 Herodot-

85 2169 151 2210 iii.
169 2168 239 2210 66.
253 2174 535 2218 βασιλεύσαντα
546 2174 615 2220 μὲν
631 2174 685 2214 τὰ
699 2176 832 2215 πάντα
847 2173 948 2215 ἕπτα
958 2175 1048 2214 ’έτεαι
1062 2173 1126 2214 καὶ
1141 2174 1267 2220 μῆνας
1282 2170 1415 2208 πέντε.
1446 2167 1600 2223 Polyb·

82 2227 143 2267 iv.
177 2226 246 2268 63.
288 2228 519 2283 (Φίλιππος)
555 2232 758 2286 ἐπολιόρκει
788 2231 852 2272 τὸν
872 2230 1105 2286 ”Αμ.βρακον
1126 2259 1137 2268 .
1161 2259 1171 2268 .
1191 2259 1201 2268 .
1221 2224 1287 2268 καὶ
1316 2225 1523 2280 παρέλαβε
1553 2225 1602 2267 τὸ

82 2286 221 2340 χωρίον
240 2287 276 2326 ἐν
290 2287 448 2342 ἡμέραις
462 2290 747 2344 τετταράκοντα
766 2292 853 2330 ταῖς
865 2290 1024 2329 πάσαις.
1057 2285 1232 2327 Similia
1250 2282 1439 2335 legimus
1458 2281 1596 2325 Dimi-

82 2339 172 2382 Sic.
193 2343 300 2383 xvii.
328 2344 392 2386 11.
428 2344 603 2387 Ari-ian.
635 2344 747 2401 Exp.
775 2346 901 2387 Alex.
931 2356 973 2386 v.
1009 2342 1074 2384 15.
1111 2340 1276 2383 Zosim.
1298 2340 1329 2380 i.
1351 2338 1394 2380 6.
1454 2337 1506 2381 In
1524 2339 1599 2382 his

80 2401 254 2440 tantum
287 2401 519 2454 diligenter
549 2403 754 2445 definitus
775 2415 982 2444 numerus
1011 2401 1143 2441 inest.
1201 2395 1272 2440 Cf.
1295 2394 1507 2440 Herodot.
1527 2397 1594 2440 ix.

81 2454 152 2496 70.
174 2462 287 2498 extr.
309 2462 354 2500 et
372 2458 553 2513 Josephi
574 2460 784 2501 Archaeol.
802 2461 890 2500 xiv.
913 2458 986 2499 26.

135 2512 179 2555 2.
211 2513 281 2554 An
301 2517 444 2556 πᾶςίη
463 2517 752 2558 dissimilibus
772 2517 879 2557 loeis
912 2514 1119 2565 abundet,
1147 2513 1314 2567 liquido
1347 2525 1437 2554 non
1467 2510 1592 2555 dixe-

78 2570 176 2612 rim.
236 2570 280 2612 N
282 2585 354 2613 am
373 2574 529 2615 πάντων
542 2574 717 2626 quidem
734 2573 1015 2629 superlativis
1034 2573 1251 2626 adjectum
1269 2570 1326 2611 ad
1344 2570 1594 2625 simplicem

79 2641 257 2670 sensum
275 2631 482 2684 pertinet.
543 2630 660 2672 Nam
680 2632 718 2672 si
735 2632 833 2684 quis
851 2644 890 2671 e.
911 2644 949 2671 c.
984 2630 1140 2671 πάντων
1159 2630 1336 2677 μάλιστα.
1353 2629 1594 2683 πράγματος

79 2685 343 2734 ἐπιμελεῖσθαι
381 2688 559 2736 dicitur,
600 2692 677 2730 aut
708 2687 895 2730 maxime
930 2685 1043 2729 inter
1086 2698 1228 2728 omnes
1265 2683 1468 2736 hmines,
1510 2688 1592 2727 aut

75 2742 261 2785 maxime
281 2743 469 2786 omnium
483 2758 623 2786 rerum
650 2744 705 2798 (s.
729 2747 886 2799 magis,
907 2758 1040 2799 quam
1060 2757 1208 2785 omnes
1234 2742 1348 2784 alias
1366 2743 1456 2796 res)
1476 2742 1587 2784 illud

76 2804 217 2842 curat.
278 2801 434 2844 Habeo
467 2806 616 2844 autem
650 2804 737 2844 duo
772 2804 866 2844 loca
899 2804 1092 2844 ineerta:
1124 2812 1311 2853 quorum
1347 2800 1475 2847 alter,
1504 2800 1583 2851 qui

75 2861 145 2899 est
172 2857 221 2898 in
247 2858 430 2901 Juliano
465 2859 599 2901 Caess.
630 2874 676 2915 p.
708 2873 770 2902 m.
798 2860 841 2902 4.
876 2860 987 2902 mihi
1020 2859 1194 2901 videtur
1217 2858 1301 2899 hue
1330 2857 1581 2911 pertinere:

74 2911 228 2956 Οὐδένα
247 2917 322 2972 ’γὰρ
356 2919 388 2958 οἱ
415 2923 488 2958 τῶν
521 2919 678 2959 πάντων
712 2919 949 2967 ἀντιβλέπειν
983 2915 1101 2966 ἠξίου.
1162 2914 1250 2957 Sed
1283 2913 1581 2970 spanhemius

70 2970 166 3015 sine
183 2972 458 3019 dubitatione
472 2976 559 3030 legi
578 2976 701 3019 vult:
734 2975 866 3027 οῦδμγ.
887 2978 919 3021 οἳ
937 2976 1189 3019 ἀπαντώντων
1208 2977 1295 3018 etc.
1344 2971 1581 3016 «Iulianum
