1838 3164
147 144 210 191 90
678 154 873 192 ELLIPSIS
892 149 1132 190 ΝοΜιΝσΜ.

150 260 438 317 ΕίῖγΠιΟΙΟςίοἰ
456 258 526 303 Μ.
547 272 645 316 cap.
670 257 765 312 187,
782 256 857 300 24.
915 255 1072 304 Βοῖμμα
1102 249 1333 310 Κυζικηνὸν,
1351 249 1425 296 τὴν
1450 251 1669 312 ἀκάθαρτον

153 323 426 375 ἀσχημοσύνην
451 317 629 360 Ἀττικοὶ
662 320 825 367 λέγουσι.
855 312 917 355 διαὶ
953 313 999 355 τὸ
1029 312 1198 359 τίλημα.
1258 309 1428 360 Τίλημα
1445 324 1529 354 vox
1555 312 1670 355 bene

154 378 328 427 Graeca,
358 376 469 433 παραὶ
486 376 531 417 τὸ
565 383 689 431 τιλᾷν.
718 374 873 421 Βοίμμα
899 373 1045 412 autem
1073 365 1285 421 Κυζικηνὸν
1320 372 1374 423 (S.
1400 366 1668 423 Κυζικηνικὸν,

148 450 242 490 quo
262 436 405 478 utitur
423 434 741 488 Aristophanes
758 430 858 471 Pac.
881 442 921 471 v.
946 424 1094 480 1176.)
1155 424 1341 475 Comici,
1362 427 1537 481 opinor,
1567 427 1670 470 cha-

150 494 357 541 racteris,
378 505 430 534 ac
448 493 486 533 Si
506 492 627 533 dicas
647 486 871 545 Χεζικηνὸν,
902 483 1014 539 παραὶ
1044 482 1090 523 τὸ
1118 484 1260 538 χέζειν.
1320 483 1424 526 Alia
1441 485 1558 526 ratio
1578 486 1672 540 pla-

150 553 247 593 cuit
266 549 531 592 Marklando
551 549 608 589 ad
623 544 820 599 Euripid.
846 542 1004 598 Suppl.
1025 553 1066 581 v.
1091 539 1213 584 1181.
1246 543 1436 597 probata
1447 541 1671 586 Brunckio

148 609 211 651 ad
230 608 521 663 Aristophan.
545 607 576 647 l.
597 619 635 647 c.
660 603 858 645 SGHAEF.
1411 640 1413 643 ¹
1672 628 1675 630 ,

625 679 651 705 *
672 671 931 723 EAAION,
958 670 1192 716 OLEUM.

212 745 569 789 Subaudiendum
601 747 669 785 est
713 742 794 783 hoc
831 740 1014 783 verbum
1051 738 1109 781 ad
1141 743 1331 789 λιμναῖον,
1371 742 1554 797 καξύΐνον,
1585 743 1672 783 etc.

157 804 339 847 Photius
356 818 368 846 ε
400 807 570 860 χρῶνται
600 801 664 842 καῖ
685 805 739 857 τῷ
759 799 933 854 σησάμῳ
955 797 1021 838 καὶ
1041 803 1096 853 τῷ
1114 798 1272 856 καρυίνῳ
1287 798 1326 840 δὲ
1343 803 1533 856 χρῶνται·
1556 801 1675 855 κρεῖσ-

157 880 217 904 σον
238 862 276 903 δὲ
292 861 337 903 τὸ
355 863 538 911 λιμναῖον.
598 858 870 902 Narraverat
889 858 1039 897 autem
1059 861 1191 898 antea
1219 857 1273 899 de
1302 857 1418 913 ἐλαίῳ
1446 857 1573 899 ἐπάνω
1607 858 1679 901 τῆς

154 921 295 968 λίμνης
314 920 560 974 ἐφισταμένῳ.
621 915 804 958 BERNH.

215 979 236 1000 ἦ
278 976 549 1018 Subauditur
586 974 675 1017 haee
705 986 791 1014 vox
837 971 958 1026 apud
1000 969 1245 1014 Homerum
1278 985 1379 1014 eum
1411 971 1537 1020 alibi,
1581 974 1678 1013 tum

159 1034 309 1088 Odyss.
330 1033 387 1075 Z.
408 1048 450 1075 v.
466 1031 567 1074 227.
597 1033 684 1073 λίπ’
705 1029 879 1079 ἄλειψεν.
940 1028 1072 1072 Plene
1092 1028 1220 1072 Iliad.
1244 1027 1303 1071 K.
1321 1044 1362 1072 v.
1378 1026 1478 1072 577.
1509 1028 1679 1077 ἄλειψα-

157 1094 257 1141 μένω
284 1091 369 1132 λίπ’
400 1091 530 1146 ἐλαίῳ.
590 1090 804 1131 ScnwEB.
863 1085 1046 1129 Rectius
1066 1087 1202 1136 dicas,
1226 1087 1273 1129 in
1294 1087 1540 1143 posteriore
1558 1088 1678 1128 locu-

157 1150 276 1190 tione
295 1148 599 1202 pleonasmum
630 1160 739 1189 esse.
799 1144 886 1187 Sed
921 1146 986 1187 ita
1021 1147 1183 1201 saepius
1216 1146 1451 1200 perhibent
1485 1147 1677 1192 curtum,

154 1206 273 1260 quod
293 1218 380 1246 non
414 1206 644 1246 redundat.
705 1203 928 1246 Lucianus
956 1207 991 1245 t.
1007 1204 1055 1245 ii.
1075 1217 1121 1259 p.
1152 1202 1256 1246 327.
1303 1204 1321 1244 ὃ
1353 1202 1392 1244 δὲ
1421 1202 1522 1243 λίπα
1541 1203 1698 1258 χρισα-ν

158 1280 281 1312 μενος,
303 1263 515 1317 ἐλυγίζετο.
536 1276 581 1318 p.
602 1260 703 1304 883.
735 1261 837 1303 λίποι
851 1279 894 1303 τε
910 1261 1142 1310 meldam,
1162 1278 1198 1302 κ.
1221 1278 1261 1302 τ.
1277 1269 1319 1302 λ.
1351 1260 1556 1303 SCHAEF.

554 1336 581 1363 ’¹¹‘
615 1335 887 1386 ΕΛΑΣΜΑ,
918 1334 1150 1379 AURIGA
1163 1335 1275 1379 TIO.

151 1399 155 1402 ’
198 1401 346 1445 Ἐπεί
364 1401 453 1444 haeo
483 1416 567 1445 vox
599 1404 645 1444 in
679 1402 771 1444 illis
804 1401 989 1444 Homeri
1011 1401 1140 1444 Iliad.
1179 1401 1234 1444 ²1¹.
1250 1414 1289 1444 v.
1308 1398 1409 1444 382.
1442 1400 1680 1458 ἀμφήριστον

157 1459 292 1504 ’έθηκεν
310 1474 320 1501 :
353 1462 429 1502 ubi
461 1461 526 1502 ita
551 1460 811 1503 Eustathius
831 1474 875 1515 p.
899 1459 1023 1503 1422.
1045 1461 1075 1502 l.
1096 1459 1137 1502 9.
1194 1461 1362 1503 ληπτέον
1382 1458 1459 1500 ἀπὸ
1479 1464 1596 1502 κοινοῦ
1617 1458 1679 1507 τὸ,

158 1519 329 1567 ἔλασμα.
387 1517 528 1566 Quem
564 1521 706 1561 locum
724 1518 892 1573 pariter
920 1524 1052 1571 atque
1081 1516 1268 1574 Ellipsin
1305 1517 1510 1558 imitatur
1531 1515 1679 1570 Virgi-

159 1577 246 1617 lius
260 1574 361 1618 AEn.
383 1577 461 1618 lib.
483 1591 525 1619 v.
544 1591 635 1619 ver.
657 1576 758 1619 326.
801 1574 1002 1619 Transeat
1022 1575 1188 1632 elapsus
1202 1574 1339 1633 prior,
1356 1573 1686 1630 ambiguumque

158 1633 384 1690 relinquat.
430 1634 642 1678 ScnwEB.
697 1633 896 1684 ’Έλασμα
928 1636 1010 1677 hoc
1043 1647 1172 1676 sensu
1214 1634 1290 1687 qui
1319 1637 1481 1687 praeter
1523 1631 1684 1674 Eusta-

159 1692 304 1733 thium
334 1692 511 1741 dixerit,
543 1706 631 1734 non
666 1694 782 1735 novi.
855 1691 935 1735 Est
972 1690 1139 1735 lamina
1168 1689 1348 1734 metalli.
1420 1689 1683 1745 Apollonius

161 1747 310 1790 LeXiC.
334 1762 379 1804 p.
402 1748 500 1793 690.
532 1753 707 1799 λε’«γονται
729 1750 768 1792 δὲ
798 1749 861 1792 καὶ
883 1753 955 1795 τῆς
988 1749 1145 1792 ἀσπίδος
1164 1752 1337 1803 πτύχες,
1362 1748 1415 1790 τὰ
1445 1748 1603 1804 διάφορα
1620 1750 1680 1789 ἐπ’

151 1807 347 1863 ,ἀλλήλοις
381 1809 602 1856 ἐλάσματα.
678 1807 780 1850 Vid.
821 1808 995 1850 Scottus
1031 1807 1233 1863 Append.
1262 1807 1318 1848 ad
1364 1805 1425 1848 H.
1463 1805 1680 1861 Stephan.

159 1863 292 1906 Thes.
310 1865 354 1904 h.
378 1879 418 1906 v.
438 1864 595 1919 Itaque
612 1867 770 1908 melius
792 1868 868 1908 ille
894 1867 1193 1908 subaudiisset
1217 1864 1261 1906 τὸ
1288 1867 1478 1921 πρᾶγμα,
1500 1862 1546 1904 τὸ
1580 1864 1683 1912 ἀγαί-

163 1939 290 1970 νισμα.
351 1921 436 1963 Sed
450 1928 649 1977 praestat,
670 1925 845 1979 opinor,
876 1924 1111 1980 ἀμφήριστον
1131 1924 1185 1965 de
1206 1924 1304 1978 ipso
1332 1922 1489 1975 auriga
1521 1921 1685 1963 intelli-

164 1993 281 2032 gere.
341 1978 415 2021 Sic
429 1982 602 2022 videtur
622 1982 894 2024 intellexisse
912 1981 1151 2029 Lucianus,
1173 1982 1299 2035 cujus
1320 1980 1411 2021 haec
1435 1980 1559 2032 legas
1578 1982 1612 2020 t.
1631 1977 1683 2019 ii.

165 2049 210 2090 p.
226 2036 326 2078 354.
358 2038 494 2078 πολλοὶ
513 2036 584 2087 μὲν
602 2039 677 2095 «γάρ
696 2040 759 2080 καὶ
780 2040 892 2082 ἄλλοι
924 2039 987 2082 τὸν
1022 2041 1213 2093 ἐπιτάφιον
1234 2043 1301 2080 τοῦ
1317 2035 1573 2079 ἀποθανόντος
1591 2035 1686 2077 ἐκεί-

157 2094 495 2150 v*uov*¹2r'r>1o;11n'{021⁸:c>·
534 2095 596 2136 δύο
625 2096 663 2138 δὲ
695 2099 872 2145 μάλιστα
901 2097 995 2142 ἦσαν
1021 2100 1052 2139 οἱ
1085 2097 1315 2154 ἀμφήριστοι
1342 2097 1488 2143 αὐτῶν,
1503 2111 1542 2135 κ.
1575 2110 1614 2135 τ.
1645 2102 1688 2134 λ.

166 2150 279 2192 Add.
300 2149 488 2194 Cerealii
508 2151 659 2207 Epigr.
689 2156 754 2196 iii.
774 2170 866 2198 ver.
892 2155 938 2198 3.
998 2154 1206 2210 Idemque
1237 2166 1393 2196 sensus
1423 2152 1508 2194 loci
1537 2150 1685 2206 Virgi-

165 2209 292 2258 nani,
312 2209 389 2250 ubi
406 2211 631 2264 probanda
647 2214 786 2255 altera
804 2215 951 2262 lectio,
975 2211 1274 2268 ambiguumve
1290 2224 1323 2253 r.
1357 2210 1557 2252 SoHAEr.

701 2290 724 2314 ÷¹÷
745 2285 952 2338 ΕΛΠΙΣ,
986 2283 1149 2328 SPES.

225 2344 277 2386 In
311 2347 400 2389 illis
438 2347 665 2403 Sophoclis
709 2343 869 2395 Electr.
903 2365 946 2393 v.
983 2350 1085 2393 497.
1156 2350 1245 2407 Πρὸ
1278 2349 1394 2392 τῶνδέ
1420 2350 1480 2391 τοί
1508 2351 1551 2399 μ’
1586 2349 1687 2403 ἐ’χει.

169 2402 315 2445 Schol.
341 2403 418 2446 Gr.
447 2409 566 2447 λείπει
601 2408 638 2449 δὲ
669 2408 728 2460 τὸ,
759 2411 884 2450 ἐλπίς.
946 2409 1093 2452 Possit
1117 2413 1270 2451 tamen
1289 2409 1427 2450 etiam
1458 2407 1689 2450 subaudiri

166 2462 317 2510 «γνώμη.
375 2461 425 2505 In
459 2466 656 2506 ὑπο-τείνειν
690 2467 807 2520 apud
822 2466 1121 2520 Thucydidem
1151 2467 1230 2508 lib.
1263 2467 1360 2509 viii.
1391 2478 1489 2521 cap.
1518 2465 1590 2507 48.
1625 2463 1690 2506 καὶ

171 2520 425 2562 ὑποτείνοντος
441 2525 572 2564 αὐτοῦ.
605 2522 749 2565 Schol.
774 2524 853 2566 Gr.
882 2525 1044 2566 ἐλπίδας
1072 2525 1259 2568 δηλονότι.
1291 2523 1410 2580 [HOC
1444 2524 1619 2565 monuit
1643 2526 1689 2564 et

171 2573 221 2616 F.
253 2576 347 2627 ΞΤ]
406 2577 490 2631 Pro
524 2593 575 2621 eo
621 2582 829 2634 ὑποφαίνειν
860 2584 990 2636 plene
1039 2587 1107 2624 est
1138 2583 1256 2638 apud
1298 2581 1543 2624 Lucianum
1586 2584 1620 2623 t.
1658 2580 1690 2621 i.

169 2646 215 2688 p.
233 2633 332 2676 743.
360 2633 459 2677 Τίνα
474 2654 526 2677 σοι
553 2637 691 2679 ἐλπίδα
713 2640 913 2692 ὑποφαίνει.
945 2639 1160 2683 ScnwEB.
1224 2639 1476 2682 Herodotus
1510 2640 1590 2681 lib.
1612 2638 1692 2681 vii.

170 2703 268 2757 cap:
303 2691 396 2734 158.
439 2696 692 2737 ὑποτείνοντός
723 2713 765 2736 τε
796 2697 848 2737 τοὶ
873 2698 1036 2753 ἐμπόρια
1067 2697 1362 2755 συνελευθεροῦν.
1394 2697 1471 2740 ubi
1504 2695 1691 2739 Valcke-

161 2761 325 2806 Vnarlus
341 2751 398 2791 ad
432 2765 473 2794 v.
507 2754 783 2795 ὑποτείνοντος;
818 2760 846 2778 “
866 2753 1040 2797 Ἐλπίδα
1066 2757 1251 2800 δηλονότι·
1277 2759 1411 2812 prout
1438 2759 1559 2797 recte
1587 2766 1690 2809 Sup-

171 2806 264 2860 plet
299 2806 445 2850 Schol.
482 2810 528 2851 in
562 2809 757 2866 Thucyd.
787 2811 865 2853 lib.
900 2813 994 2853 viii.
1024 2827 1122 2870 cap.
1152 2813 1252 2856 48.”
1311 2813 1445 2856 Plene
1478 2812 1690 2867 Synesius

172 2861 308 2918 Epist.
358 2866 451 2908 105.
487 2881 534 2922 p.
571 2868 671 2910 247.
730 2868 785 2910 Α.
820 2868 959 2910 ἐλπίδα
988 2873 1125 2928 πικρὰν
1157 2872 1338 2914 ὑποτείνει
1372 2875 1441 2914 τοῦ
1460 2874 1688 2921 μέλλοντος.

170 2934 302 2975 quem
320 2923 463 2968 locum
481 2930 531 2969 ut
551 2925 810 2970 Philostrati
837 2933 1151 2974 commemorat
1179 2928 1342 2974 Suidas
1372 2932 1406 2973 t.
1426 2930 1492 2973 iii.
1512 2941 1560 2985 p.
1588 2927 1691 2971 563.
