1838 3164
459 154 781 196 PLEONASMI
805 154 987 197 CONJU
988 155 1031 196 N
1031 153 1294 196 CTIONUM.
1548 145 1629 194 13'3

107 267 209 306 nive&
226 264 304 321 (sc.
322 270 491 325 λέγουσι)
521 271 588 318 ὡς,
618 269 698 310 ἐπεὶ
717 269 854 310 παῖδες
886 271 992 326 αὐτῷ
1015 271 1083 310 οὐκ
1103 269 1291 317 ἐγίγνοντο
1313 266 1355 308 ἔκ
1374 268 1537 319 ταύτης,
1566 267 1627 308 ὅτι

113 324 284 424 affin-gani
298 328 350 368 εἰς
370 325 519 375 Θήβας
539 327 743 376 ἐμνήστευε
764 330 833 371 τῆν
849 325 1016 368 Ἰάσονος
1030 329 1194 375 ’γυναῖκα
1212 328 1433 374 ἀναλαβεῖν.
1492 324 1563 368 Ita
1582 328 1629 367 et

113 379 170 422 Vi·-
227 410 241 430 ,
290 383 330 425 3.
360 390 373 394 ’

168 438 257 481 Sed
289 441 474 483 offendit
491 442 773 496 pleonasmus
803 436 841 484 e:
873 456 914 496 g.
950 442 998 483 in
1028 441 1099 483 his
1133 440 1337 496 Dionysii
1364 439 1510 484 Halic.
1544 438 1627 481 Ar-

110 495 263 540 chaeol.
294 499 354 540 ix.
373 512 420 554 p.
438 499 535 541 511.
566 498 753 548 ἐπιγνοὺς,
784 502 833 542 ὡς
852 500 910 541 ὅτι
945 501 981 542 ἐν
1014 500 1195 553 ἐσχάτοις
1214 499 1300 541 εἰσὶν
1329 502 1362 541 οἱ
1394 505 1629 541 κατακλεισ-

111 551 244 596 θέντες
286 557 322 596 ἐν
347 562 401 612 τῷ
428 558 548 613 λόφῳ.
608 555 871 610 Hoogeveen
906 558 962 605 ad
981 555 1084 610 vig.
1104 557 1200 599 viii.
1238 557 1305 606 10,
1336 558 1378 599 8.
1406 555 1508 599 aliis
1526 568 1629 610 pro-

112 611 324 654 bantibus
344 615 516 664 statuit,
536 615 593 655 ὅτι
612 628 708 656 esse
729 629 869 671 quam,
891 615 1154 669 particulam
1178 628 1338 670 nempe
1359 613 1631 656 intensivam

110 671 382 725 superlativo
401 673 580 725 ἐσχάτοις
611 674 900 727 praemissam.
960 671 1048 715 Sed
1083 672 1193 714 mihi
1225 686 1314 714 non
1348 673 1525 714 videtur
1554 671 1630 713 hic

109 729 402 781 superlativus
420 729 652 771 admittere
674 731 855 783 gradus,
893 743 973 772 nec
991 732 1088 784 ejus
1108 732 1283 784 generis
1312 743 1426 777 esse,
1453 732 1505 771 ut
1523 729 1630 770 talis

107 784 327 837 particula
344 788 555 840 praemitti
576 790 733 841 possit,
756 789 867 830 sicut
888 801 967 830 nec
982 786 1139 830 Latine
1156 789 1294 837 dicas,
1326 801 1454 845 quam
1470 785 1631 829 ultima

101 840 217 896 pati.
295 841 483 885 Proinde
513 858 591 886 nec
626 846 827 899 proficias
866 846 1122 901 quidquam,
1161 847 1199 887 si
1240 858 1436 901 exponas
1473 845 1630 887 adver·

110 898 304 948 bialiter,
335 901 453 954 quod
483 903 577 955 ipse
606 903 755 943 addit:
790 906 839 943 ὡς
857 904 914 944 ’ότι
934 904 1116 956 ἐσχέτως
1133 904 1291 956 ἐ’χουσιε
1324 916 1427 945 nam
1460 915 1516 944 ne
1546 904 1632 946 hoc

107 956 285 1009 quidem
333 963 451 1000 recte
491 960 578 1001 dici
623 965 747 1014 puto.
783 959 983 1014 *Nempe
1022 961 1278 1002 adverbium
1306 973 1482 1014 quoque
1512 973 1630 1003 sum-

110 1026 231 1056 mum
250 1016 325 1056 rei'
345 1017 547 1069 gradum,
585 1019 703 1059 ultra
721 1031 852 1072 quem
874 1031 959 1058 non
990 1019 1135 1071 possis
1172 1018 1452 1066 adscendere,
1482 1019 1629 1073 expri-

110 1071 208 1119 mit,
238 1073 303 1114 ita
331 1079 381 1116 ut
410 1075 615 1116 absolute
643 1079 816 1117 tantum
846 1075 1019 1116 dicatur
1059 1078 1104 1115 et
1147 1076 1182 1115 ἐν
1213 1077 1395 1128 ἐσχάτοις
1427 1073 1535 1123 εἶναι,
1581 1082 1631 1119 et

109 1129 292 1182 ἐσχάτως
321 1132 438 1185 ἔχειν.
499 1131 783 1174 Commodius
818 1133 954 1185 igitur
986 1132 1187 1174 videmur
1219 1136 1431 1182 statuere,
1460 1133 1631 1176 dictum

107 1186 220 1228 illud
237 1201 335 1230 esse
353 1203 436 1244 pro
457 1192 507 1231 ὣς
525 1192 639 1232 τοῦτο
658 1192 724 1231 vel
747 1191 851 1231 aare}
865 1194 978 1231 τοῦτο
998 1189 1082 1236 εἶσὶ,
1114 1190 1132 1229 ὅ
1153 1206 1190 1230 τι
1210 1190 1245 1230 ἐν
1266 1191 1464 1243 ἐσχάτοις,
1492 1203 1563 1233 eos
1580 1190 1632 1234 in

108 1242 187 1286 illo
203 1251 318 1288 statu
334 1261 438 1296 esse,
470 1261 554 1304 quo
573 1247 622 1290 in
653 1247 819 1289 ultimis
841 1245 1050 1303 periculis
1070 1252 1295 1289 versante&
1344 1245 1448 1288 “On
1468 1260 1630 1304 nempe

108 1305 179 1344 est
196 1315 454 1356 pronomen.
512 1304 587 1346 Sic
622 1307 734 1346 bene
755 1306 869 1346 idem
904 1304 964 1345 H.
1001 1305 1047 1345 in
1082 1303 1285 1346 Docti-in.
1308 1305 1630 1359 particularum

109 1357 248 1413 (Epit.
273 1360 441 1403 Schiitz
462 1375 507 1416 p.
532 1375 591 1403 m.
622 1362 747 1418 592.)
780 1363 836 1402 ὅτι
871 1366 976 1403 ante
995 1362 1303 1416 superlativos,
1334 1363 1451 1403 utin
1472 1363 1530 1404 ὅτι
1548 1366 1629 1412 μα’-

106 1423 240 1464 aina,
269 1419 477 1474 explicat,
502 1424 552 1461 ut
571 1421 667 1462 scil.
690 1420 879 1460 retineat
913 1420 1004 1460 vim
1037 1420 1328 1473 pronominis.
1389 1422 1419 1444 “
1452 1419 1632 1463 Dicitur

111 1479 144 1498 “
175 1475 339 1524 enim,”
358 1478 517 1530 inquit,
550 1483 580 1502 “
605 1479 655 1518 ὡς
671 1478 728 1518 ὅτι
748 1478 942 1525 μάλιστα,
976 1478 1094 1517 unde
1114 1489 1202 1518 non
1220 1480 1338 1518 recte
1358 1476 1470 1518 talia
1490 1479 1532 1518 ἐκ
1550 1494 1631 1519 πα-

111 1537 143 1557 “
176 1534 378 1588 ςαλλῆλου
397 1536 545 1588 posita
564 1535 781 1576 dicuntur.
844 1533 918 1576 Sic
936 1535 1072 1576 etiam
1106 1532 1256 1575 Latini
1378 1547 1421 1575 m
1442 1535 1633 1579 maxime

111 1595 143 1615 “
176 1595 238 1632 ei:v
255 1603 386 1646 quam
416 1591 530 1656 quod
549 1591 735 1634 maxime
759 1592 936 1632 dicunt:
969 1596 1044 1632 ut:
1080 1597 1167 1633 tam
1194 1589 1282 1632 m‘ti
1311 1604 1385 1632 um
1403 1597 1479 1640 est,
1501 1602 1631 1650 quam

111 1651 143 1671 “
178 1647 295 1703 quod
311 1648 542 1690 mammes
602 1647 676 1690 Cf.
696 1661 830 1703 supra
849 1661 975 1702 pron.
996 1647 1099 1688 ΤΙΣ
1126 1649 1174 1689 S.
1196 1647 1237 1688 6.
1268 1647 1439 1690 Addam
1459 1649 1488 1690 2
1515 1651 1629 1694 loca.

110 1703 332 1760 Josephus
366 1710 519 1747 contra
553 1706 771 1761 Apionem
807 1706 837 1746 i.
861 1719 905 1759 p.
931 1719 989 1746 m.
1016 1704 1139 1747 1038.
1171 1707 1305 1746 ἱκανῶς
1331 1705 1370 1746 δὲ
1389 1706 1559 1763 φανερὸν,
1580 1711 1632 1750 ὡς

108 1759 234 1811 οἶμαι,
263 1763 501 1812 πὲποιηκὼς,
521 1765 570 1804 ὥς
602 1764 621 1803 ὅ
650 1782 687 1804 τι
706 1766 868 1818 ard-rgias·
896 1762 995 1803 ἐστὶν
1015 1763 1041 1805 ἡ
1055 1762 1146 1818 περὶ
1174 1768 1249 1803 τῶν
1269 1765 1446 1804 παλαῖων
1464 1767 1631 1820 ἀναγρα-

109 1818 169 1872 φὴ
188 1823 269 1862 τοῖς
286 1822 492 1876 βαρβάροις
524 1824 695 1869 μᾶλλον,
733 1821 759 1865 ἢ
781 1824 860 1861 τοῖς
882 1819 1104 1863 ’Έλλησινε
1147 1818 1253 1876 quia
1281 1819 1389 1862 satis
1421 1820 1550 1871 clare,
1580 1830 1631 1866 ut

111 1878 282 1934 opinor,
300 1877 446 1927 docui,
467 1877 778 1936 quodammodo
789 1892 844 1919 ez·
861 1876 1075 1919 institutis
1091 1877 1305 1932 majorum
1321 1876 1527 1921 usitatam
1544 1893 1634 1923 esse

37 1983 43 1990 ‚
111 1934 462 1992 conscriptionem
491 1950 630 1978 rerum
660 1935 763 1979 olim
786 1935 1011 1992 factarum
1042 1934 1184 1991 magis
1212 1949 1285 1991 ap.
1316 1934 1353 1976 b.
1382 1939 1466 1977 etc.
1524 1937 1631 1981 Dic-

112 1997 211 2035 tum
241 1995 303 2048 ig.
324 2007 407 2048 pro
443 1996 493 2035 ὦς
518 1995 634 2036 τοῦτό
663 2012 717 2041 τι,
749 1994 820 2034 ὅτι.
880 1991 1047 2034 Juliani
1079 1991 1213 2034 Caess.
1234 2005 1278 2047 p.
1299 1991 1372 2033 29.
1393 1994 1462 2034 ed.
1485 1992 1629 2039 Heus.

113 2049 291 2093 deorum
310 2050 501 2094 imitatio
528 2051 669 2093 inesse
688 2051 851 2093 dicitur
871 2051 918 2091 in
938 2048 1085 2090 δεῖσθαι
1103 2052 1175 2099 μὲν
1192 2051 1435 2103 ἐλαχίστων,
1456 2049 1498 2092 εὖ
1514 2057 1632 2096 ποιεῖν

110 2107 153 2149 δὲ
171 2111 222 2150 ὥς
240 2109 259 2149 ὅ
280 2125 318 2150 τι
335 2117 512 2158 μαλιστα
532 2111 749 2150 πλείστους.
810 2107 946 2150 Plena
963 2109 1107 2149 oratio
1125 2109 1187 2149 sic
1203 2107 1377 2149 videtur
1392 2114 1598 2153 constare
1613 2125 1627 2153 ε

109 2163 154 2206 εὖ
171 2181 219 2207 τ.
242 2165 282 2207 δὲ
302 2167 438 2214 οὕτως,
468 2169 519 2208 ὡς
538 2167 652 2208 τοῦτό
673 2168 769 2214 ἐστι,
790 2166 809 2206 ‘o'
829 2183 868 2206 τι
889 2184 937 2214 μ.
959 2173 1035 2212 πλ,
1055 2163 1115 2219 (εὖ
1132 2165 1283 2220 ποιεῖν.)

168 2224 258 2267 Sed
280 2237 357 2267 >res
389 2223 647 2267 difficillima
675 2229 893 2278 superest,
921 2226 973 2264 ut
1009 2224 1348 2271 constituamus,
1375 2215 1511 2278 duam
1538 2226 1630 2269 vim

108 2283 181 2324 hic
200 2283 483 2338 pleonasmus
510 2282 685 2323 habeat.
746 2279 973 2329 Quantum
1003 2281 1156 2335 opinio
1184 2293 1285 2322 mea
1312 2280 1418 2330 fert,
1448 2282 1631 2339 proprie

109 2353 204 2382 rem
240 2341 522 2395 aliquantum
562 2340 797 2381 imminuit.
873 2337 972 2379 Hoc
1012 2337 1235 2393 prioribus
1263 2336 1292 2379 2
1321 2338 1430 2381 locis
1456 2341 1633 2384 videtur

108 2398 358 2440 convenire.
418 2398 506 2440 Sed
525 2397 696 2449 deinde,
726 2397 801 2438 ubi
830 2409 899 2437 res
929 2397 1027 2450 ipsa
1055 2396 1173 2437 clare
1201 2396 1343 2446 docet,
1371 2396 1464 2438 vim
1494 2399 1632 2442 habet

108 2456 320 2508 augendi,
339 2456 452 2498 sicut
483 2457 528 2497 in
551 2456 694 2497 ironia
715 2468 785 2495 res
804 2455 903 2508 ipsa
922 2454 1065 2501 docet,
1085 2465 1174 2494 non
1202 2454 1383 2508 proprie
1416 2457 1633 2510 capienda

107 2525 204 2555 esse
222 2513 373 2555 verba.
433 2511 590 2566 Itaque
625 2515 672 2555 in
691 2511 864 2554 Juliani
884 2512 997 2559 loco,
1031 2511 1116 2554 nisi
1144 2511 1328 2552 omnino
1358 2511 1508 2562 fallor,
1538 2526 1631 2557 non

108 2572 254 2625 potest
270 2571 406 2613 videri
427 2571 704 2625 ambiguum,
738 2574 885 2611 utrum
904 2582 991 2611 non
1020 2567 1156 2624 pauci
1172 2566 1362 2610 homines
1378 2570 1632 2626 intelligan-

107 2631 200 2676 tur,
247 2641 305 2670 an
343 2641 542 2670 numerus
573 2627 802 2671 hominum'
821 2639 949 2682 quam
975 2624 1082 2681 fieri
1105 2631 1248 2683 potest
1269 2625 1495 2681 maximus,
1523 2631 1633 2684 quia

112 2683 237 2728 Deus
257 2699 398 2728 omnes
417 2687 617 2728 homines
634 2685 858 2727 beneficiis
877 2685 1026 2726 afficit.

166 2743 211 2786 4.
245 2741 298 2785 In
332 2746 378 2790 ὡς
416 2743 499 2784 εἴθε
532 2742 723 2796 Vigerus
753 2743 847 2783 viii.
893 2741 959 2792 10,
990 2740 1032 2782 4.
1063 2741 1173 2782 dicit
1191 2742 1240 2782 ὥς
1257 2741 1499 2793 abundare,
1529 2758 1631 2788 cum

107 2799 195 2842 εἴθε
214 2814 294 2856 per
314 2815 361 2843 se
381 2803 443 2843 sit
463 2800 645 2843 utinam.
679 2799 767 2841 Sed
782 2801 872 2840 vim
903 2800 1004 2841 huic
1026 2798 1165 2846 addit,
1185 2800 1313 2852 quasi
1334 2800 1472 2850 dicas,
1503 2816 1632 2858 quam

112 2857 315 2901 utinam!
339 2859 382 2901 h.
404 2873 441 2900 e.
467 2872 594 2916 quam
613 2859 743 2915 opto!
774 2857 848 2899 Sic
867 2859 916 2898 ὡς
932 2855 1066 2910 ’ὄφελες
1088 2887 1098 2898 .
1122 2886 1132 2897 .
1158 2887 1169 2897 .
1191 2859 1328 2900 ναίειν;
1362 2872 1490 2915 quam
1509 2867 1630 2917 opta·

111 2915 197 2958 hile
215 2922 335 2965 esset,
360 2923 400 2959 te
419 2916 639 2959 habitasse.
698 2914 803 2957 Vid.
824 2928 956 2969 supra
971 2915 1069 2956 adv.
1089 2912 1169 2954 εἴθε
1188 2918 1302 2956 extr.

169 2973 214 3016 5.
246 2973 369 3018 Idem
402 2974 506 3031 Vig.
542 2975 669 3024 dicit,
700 2975 750 3016 ὥς
768 2974 978 3030 praemitti
1008 2973 1245 3030 aliquando
1264 2973 1432 3022 nomini
1455 2974 1630 3032 ἕκαστος,
