1838 3164
601 138 889 182 PRAEFATIO
918 136 1193 179 LEISNERI.
1614 136 1679 176 xxi

165 260 367 305 cutione:
399 261 619 316 drdxeaSm
639 266 783 311 κακῶν,
811 265 942 319 putat
957 261 1123 310 deesse,
1153 264 1199 302 et
1215 257 1569 315 praepositionem
1588 258 1682 309 ἀπὸ,

165 322 220 361 et·
232 332 392 363 nomen
414 324 565 376 χεῖρας,
592 321 660 362 vel
695 322 830 362 etiam
858 319 1005 371 ἑαυτὸν,
1033 324 1084 362 ut
1103 320 1237 374 plena
1257 322 1303 359 et
1320 318 1490 369 integra
1508 315 1685 370 phrasis

167 377 256 419 sit:
287 375 761 432 dve'xseffoecsswrbssoe’vtb
781 382 924 420 κακῶν.
983 377 1071 419 Sed
1090 377 1202 418 hanc
1220 375 1397 429 ellipsin
1418 386 1505 414 non
1524 373 1683 414 admit-

166 437 282 484 tent,
308 436 388 490 qui
402 436 584 484 norunt,
612 435 760 478 verbis
794 436 951 478 mediis
982 448 1095 485 eam,
1123 446 1259 488 quam
1295 431 1510 474 Kusterus
1531 431 1589 471 iis
1608 431 1685 471 ad-

166 493 349 542 stmxit,
361 517 367 534 .-
377 493 522 537 inesse
546 494 653 543 vim,
679 498 732 535 ut
763 494 931 536 scilicet
964 493 1178 534 actionem
1198 503 1301 533 cum
1332 489 1541 544 passione
1574 488 1687 529 mix-

165 552 280 600 tam,
308 552 402 592 sive
421 551 608 593 actionis
642 551 691 592 in
720 551 868 606 ipsum
902 553 1105 604 agentem
1134 549 1418 591 reflexionem
1437 546 1684 599 designent.

166 604 287 651 Nam
305 608 546 650 seeundum
566 609 679 650 hanc
705 610 1058 651 observationem
1089 610 1292 661 ἀντέχομαι
1323 607 1371 647 in
1404 604 1549 646 medio
1569 603 1688 645 idem

166 667 249 715 Gt,-
276 666 395 718 quod
414 668 557 720 ἀπέχω
578 667 758 714 ἐμαυτόν.
814 666 917 708 vid.
954 665 1165 708 Kusterus
1191 664 1246 706 de
1265 664 1382 705 verb.
1403 675 1450 717 p.
1481 661 1544 703 10.
1576 661 1685 702 edit.

163 718 304 776 Lugd-
328 721 379 764 Β.
412 721 540 770 Quod
560 725 599 765 si
619 724 666 765 in
686 722 908 777 ἀπέχεσθαι
940 723 1289 767 subaudiendum
1308 724 1425 763 esset
1442 731 1687 774 pronomen

165 779 453 835 milianum,
480 782 613 825 simili
629 783 731 834 jure
751 782 911 835 aliquis
944 781 1062 836 apud
1090 778 1333 822 Homerum
1362 777 1489 819 Iliad.
1507 776 1563 819 A.
1596 789 1685 818 ver.

171 833 269 890 199.
298 851 449 881 vocem
469 838 602 881 ἑαυτὸν
620 840 875 893 ίηέτράιιετο
909 840 938 880 i.
957 853 994 881 e.
1021 853 1067 881 se
1086 836 1292 880 convertit
1323 843 1453 884 retro,
1484 834 1691 888 supplen-

163 892 471 945 dumdioeret,
491 900 536 938 et
554 895 680 939 Iliad.
702 895 756 938 Γ.
790 910 880 940 ver.
907 896 1002 939 141.
1036 897 1085 938 in
1119 896 1384 944 καλωῐιαμένη
1415 894 1584 948 pariter
1605 894 1690 933 ἑαυ-

166 967 256 996 ω.
312 951 418 1002 Sed,
435 955 504 996 uti
523 954 732 1002 diximus,
753 967 807 996 ea
828 957 924 1008 jam
943 955 1012 997 vis
1033 958 1101 996 est
1129 957 1174 995 et
1199 957 1360 995 natura
1378 951 1502 993 verbi
1537 949 1691 996 medii,

165 1012 218 1051 ut
234 1009 261 1052 ἡ
280 1011 545 1060 καλυψαμένη
560 1025 638 1065 per
655 1025 701 1053 se
720 1013 951 1065 significet,
970 1025 1061 1068 quae
1079 1026 1123 1054 se
1141 1010 1282 1068 ipsam
1299 1006 1532 1065 cooperuit.
1563 1006 1693 1048 Conf.

166 1063 292 1109 Iliad.
316 1068 370 1110 Ξ.
387 1080 478 1110 ver.
505 1067 602 1110 174.
620 1067 694 1110 .Θ.
715 1074 803 1111 ver.
831 1069 925 1111 199.
948 1075 994 1112 et
1014 1069 1071 1111 ad
1091 1070 1170 1111 hos
1189 1070 1307 1110 locos
1328 1065 1574 1108 Clarkium.

206 1121 358 1171 ,Quod
374 1125 414 1167 si
432 1125 534 1178 quis
553 1137 654 1167 cum
674 1125 862 1169 Kustero
894 1128 1022 1174 facit,
1055 1128 1094 1168 is
1126 1127 1244 1168 idem
1277 1124 1439 1166 dixerit
1462 1124 1516 1165 de
1545 1122 1694 1178 ellipsi

169 1182 293 1225 Votis
309 1183 454 1238 στέρνον
473 1182 520 1223 in
541 1181 757 1225 κόπτεσθαί
774 1200 870 1225 τινα.
933 1183 1051 1226 Nam
1085 1184 1279 1232 κόπτομαι
1305 1182 1353 1223 in
1384 1181 1530 1223 medio
1549 1194 1627 1234 per
1646 1193 1693 1222 Se

169 1238 587 1293 significat-proprie
607 1253 676 1282 me
698 1240 911 1296 percutio,
936 1247 1089 1298 pectus
1117 1254 1258 1283 meum
1280 1238 1487 1296 percutio,
1511 1237 1694 1295 plango,

167 1297 337 1348 etquia
355 1295 401 1336 id
419 1297 621 1350 lugentes
636 1297 782 1340 facere
802 1299 963 1346 solent,
992 1298 1137 1354 lugeo.
1187 1296 1422 1339 Κόπτεσθαί
1441 1314 1522 1338 τινα
1544 1300 1695 1337 autem

167 1355 558 1402 cnmaeeusativO,
589 1367 720 1397 sensu
741 1357 1008 1410 praegnanti,
1041 1355 1276 1409 significat,
1295 1355 1525 1403 κοπτόμενον
1539 1351 1694 1394 πενθεῖν

169 1425 270 1458 τινα,
293 1409 544 1467 plangendo
561 1410 749 1468 aliquem
767 1412 924 1468 lugere.
948 1427 990 1454 v.
1015 1412 1190 1455 Kuster.
1223 1413 1253 1453 l.
1286 1425 1322 1452 c.
1341 1412 1407 1452 iii.
1438 1424 1485 1465 p.
1509 1410 1549 1452 9.
1609 1408 1696 1450 Ex-

170 1468 365 1523 emplum
393 1482 449 1511 ex
467 1467 679 1517 Lueiano,
700 1471 778 1512 ubi
808 1471 988 1514 additur
1019 1473 1170 1526 στέρνα,
1192 1483 1280 1511 non
1300 1472 1382 1516 est,
1403 1468 1521 1522 quod
1539 1481 1693 1522 quem-

170 1537 309 1579 quam
324 1538 354 1568 a.
373 1529 591 1569 sentent-ia
610 1527 690 1570 hac
709 1528 931 1571 dimovere
960 1529 1136 1576 debeat,
1169 1541 1288 1575 cum,
1314 1528 1421 1579 quia
1451 1525 1695 1568 distinctio-

171 1582 421 1637 nisgratia,
440 1586 509 1627 vel
527 1587 794 1640 pleonastice
812 1587 1015 1629 additum
1034 1599 1130 1629 esse
1150 1589 1311 1640 potest,
1330 1588 1444 1631 tum,
1466 1584 1575 1637 quia
1594 1596 1696 1625 aue-

171 1641 331 1685 toritas
351 1642 617 1697 scriptorum>
634 1644 752 1685 illius
772 1645 933 1696 aetatis,
961 1657 1051 1697 qua
1076 1643 1296 1685 Lucianus
1314 1643 1444 1690 vixit,
1477 1642 1560 1683 hac
1580 1642 1627 1682 in
1646 1654 1694 1682 re

171 1697 495 1753 valdeexigua,
528 1701 598 1742 vel
633 1702 783 1756 potius
813 1703 934 1744 nulla
956 1705 1038 1749 est,
1069 1701 1234 1756 quippe
1262 1701 1340 1755 qui
1362 1700 1410 1741 in
1429 1698 1696 1740 adhibendis

173 1756 320 1801 verbis
338 1757 495 1800 mediis
516 1759 572 1800 ab
590 1772 673 1801 usu
697 1763 895 1801 veterum
913 1760 1221 1801 discesserunt.

183 1851 189 1856 .
230 1812 286 1856 St
305 1814 476 1868 Judicio
511 1814 572 1857 H.
594 1815 812 1870 Stephani
847 1818 1055 1858 standum
1090 1820 1221 1864 esset,
1251 1817 1299 1857 in
1331 1812 1504 1870 α’ήοεσὲναι
1538 1813 1694 1863 etiam,

172 1870 205 1912 i.
226 1884 268 1913 e.
285 1877 472 1929 portare,
504 1874 735 1915 subaudiri
769 1879 1008 1928 oporteret,
1040 1875 1100 1914 ἐπ’
1137 1873 1267 1921 ὤμων,
1293 1872 1362 1914 vel
1399 1870 1461 1912 ἐπὶ
1492 1874 1692 1924 navalia

173 1929 359 1974 sedtum
373 1931 544 1984 ellipsis
563 1935 746 1985 propter
762 1932 937 1972 easdem
951 1944 1030 1972 cau
1037 1943 1108 1972 sas
1126 1931 1242 1972 inter
1256 1930 1463 1984 quaesitas
1482 1930 1709 1983 pertinet-

174 1983 236 2026 Ta
253 1986 408 2042 αἴρομαι
425 1988 472 2028 in
492 1987 636 2029 medio
654 1992 721 2028 est
740 2001 819 2043 per
834 2002 895 2035 se,
916 1987 1026 2030 mihi
1044 1986 1215 2042 aliquid
1228 1985 1402 2043 impono
1415 1985 1694 2042 portandum,

63 2044 68 2052 '
127 2072 129 2074 -
177 2045 222 2084 et
238 2055 296 2085 ex
314 2046 616 2098 consequenti,
635 2051 769 2102 porto.
791 2060 834 2093 v.
852 2045 1029 2088 Kuster.
1049 2059 1093 2100 p.
1124 2043 1188 2087 19.

233 2099 323 2148 Qui
341 2102 389 2144 in
407 2102 703 2145 locutionibus
720 2119 731 2144 :
759 2105 963 2152 μέμνημαι
981 2103 1163 2151 ποιήσας,
1195 2105 1355 2152 ἀγαπῶν
1373 2120 1425 2152 με
1447 2101 1630 2151 διατελεῖ,
1652 2105 1695 2143 οὖ

156 2156 286 2207 γλύξω
316 2160 481 2214 χαίρων,
510 2157 741 2208 αἰσθάνομαι
772 2160 1007 2217 διαμαρτὼν,
1045 2164 1090 2202 et
1125 2159 1360 2208 similibus,
1390 2160 1571 2202 verbum
1604 2157 1695 2201 εἶναι

299 2229 324 2258 e
340 2221 519 2274 putant,
550 2231 617 2259 nae
638 2219 703 2260 illi
725 2220 864 2261 nimio
882 2220 1060 2273 ellipses
1081 2219 1261 2260 eruendi
1282 2218 1449 2266 studio,
1471 2218 1549 2258 ubi
1569 2218 1695 2271 ellip-

174 2285 352 2318 Beflnon
373 2278 494 2323 sunt,
525 2275 588 2317 ibi
608 2276 773 2321 vident.
833 2276 881 2317 Si
911 2290 1000 2330 qua
1026 2289 1111 2318 vox
1140 2290 1220 2331 per
1249 2276 1427 2330 ellipsin
1456 2275 1695 2323 omittitur,

177 2333 401 2380 eanetiam,
434 2333 472 2374 si
507 2346 594 2375 non
623 2347 779 2388 reapse
815 2335 1038 2376 interdum
1070 2334 1260 2385 additur,
1291 2334 1392 2374 addi
1420 2337 1572 2374 tamen
1598 2333 1695 2374 sine

175 2387 439 2436 bubarismi
459 2394 565 2432 nota
583 2395 743 2445 potest.
794 2391 871 2439 At,
891 2405 1056 2444 quaeso,
1076 2403 1213 2445 quam
1233 2391 1526 2444 ineleganter,
1556 2390 1694 2431 immo

176 2445 365 2491 barbare
383 2461 485 2490 eum
505 2449 751 2491 locuturum
770 2445 1033 2498 diceremus,
1061 2450 1138 2504 qui
1171 2462 1252 2504 pro
1282 2462 1352 2496 eo,
1382 2448 1503 2502 quod
1529 2445 1693 2489 AElian.

177 2500 283 2545 var.
306 2502 424 2547 Hist.
443 2506 524 2548 lib.
543 2506 599 2547 ix.
630 2520 666 2547 c.
686 2506 761 2548 41.
793 2507 949 2548 habet:
980 2510 1152 2556 μέμνησο
1174 2505 1372 2562 ἅνθρωπος
1393 2506 1458 2554 ὧν,
1488 2511 1695 2546 memento

177 2565 324 2605 tensae
354 2560 579 2612 hominem,
610 2565 834 2612 scriberet,
863 2565 1036 2613 μέμνησο
1070 2563 1158 2606 εἶναι
1193 2562 1389 2618 ἄνθρωπος
1423 2562 1486 2613 ὢν,
1517 2562 1594 2604 vel.
1614 2576 1696 2617 pro

177 2630 246 2667 eo,
275 2619 395 2673 quod
414 2619 639 2676 Aristoph.
659 2620 771 2663 Plut.
793 2621 894 2664 945.
928 2621 967 2664 Γ
968 2625 1123 2670 ινώσκω,
1155 2622 1318 2674 inquit,
1349 2621 1478 2664 ἥττων
1514 2619 1562 2660 ὢν
1587 2619 1694 2661 πολὺ

178 2676 299 2724 fiatfiat,
334 2677 401 2719 ita
431 2678 622 2721 diceret:
667 2677 707 2720 Γ
708 2682 847 2720 walam
885 2678 974 2721 εἶναι
1007 2681 1135 2724 ἥττων
1174 2679 1221 2719 ὢν
1251 2681 1373 2719 πολύ.
1436 2675 1694 2730 cujusmodi

177 2731 432 2777 Gnaeooru'm
463 2736 702 2778 locutiones
728 2737 795 2778 illi
825 2738 954 2790 longe
986 2737 1147 2779 rectius
1180 2737 1419 2791 explicant,
1449 2736 1526 2787 qui
1558 2736 1606 2775 in
1639 2736 1695 2776 iis

177 2790 341 2844 linguae
363 2793 635 2836 idiotismum
655 2795 909 2842 admittunt,
940 2795 1205 2848 Graecosqu'e
1234 2808 1321 2835 non
1355 2794 1498 2834 solum
1519 2805 1695 2834 aecusa-

176 2849 344 2898 tivum,
366 2851 435 2892 uti
454 2848 604 2892 Latini
622 2852 729 2903 fere,
749 2852 825 2893 sed
846 2854 982 2894 etiam
1005 2853 1344 2899 nominativum,
1364 2851 1501 2892 immo
1525 2854 1695 2891 ceteros

177 2919 303 2949 casus
333 2908 519 2962 ,iungere
549 2909 804 2958 infinitivis;
835 2911 1176 2957 nominativum,
1211 2910 1408 2963 inquam,
1442 2911 1486 2948 et
1516 2907 1695 2959 quidem

179 2967 292 3014 tum,
322 2978 460 3019 quum
493 2968 793 3012 nominativus
826 2968 987 3022 aliquis
1014 2969 1080 3010 vel
1110 2968 1333 3022 praecedit,
1364 2966 1431 3008 vel
1461 2965 1506 3007 in
1536 2977 1695 3019 praece-
