1838 3164
220 163 298 206 156
582 168 655 206 DE
688 136 894 207 ELLIPSI
925 167 996 206 ET
1024 162 1360 205 PnEoNAsMo

267 278 332 320 Ac
352 280 542 333 primum
558 293 672 335 saepe
687 281 862 335 ellipsin
882 278 1077 320 videmus
1094 278 1150 318 ad
1165 277 1377 318 auxilium
1395 278 1595 318 vocatam
1610 287 1720 327 esse,

210 337 284 378 ubi
307 337 416 378 nihil
439 351 616 391 prorsus
636 342 745 385 erat,
779 338 895 390 quod
925 335 1156 377 desiderari
1183 337 1345 388 posset.
1391 332 1726 386 quuum2alibi<

209 394 374 437 factum
396 399 477 443 est,
501 400 594 437 tum
615 410 659 450 p.
688 395 780 436 167.
818 396 892 435 ubi
929 394 984 434 ad
1013 397 1149 448 φρονεῖν
1181 393 1432 444 intelligunt
1451 393 1572 440 μέγα,
1606 391 1726 444 quod.

204 452 305 503 jure
326 454 589 506 improbavit
624 453 901 500 Schaeferus,
934 451 1010 504 qui
1040 452 1194 492 vellem
1226 451 1341 491 idem
1376 449 1552 499 fecisset
1586 460 1632 501 p.
1651 445 1718 488 86.

209 509 284 550 ubi
307 515 374 551 τοῦ
393 510 527 558 μηνὸς,
548 513 619 554 τῆς
636 512 794 566 ἦμέρας,
823 515 866 551 et
895 508 1059 551 Similia
1078 510 1140 549 Sic
1159 508 1244 549 dici
1266 505 1637 554 existimantibus,
1670 509 1721 546 ut

209 567 369 607 ἑκάστου
404 571 449 608 et
479 569 641 611 ἑκάστης
675 569 885 608 omissum
905 568 978 614 sit,
1011 566 1193 608 accedit.
1255 564 1315 605 At
1350 563 1493 604 Graeci
1529 563 1600 604 hic
1632 575 1720 604 non

207 625 350 676 magis
370 625 610 678 quidquam
636 627 860 671 omittunt,
881 637 1011 677 quam
1033 624 1110 675 qui
1139 636 1318 677 prorsus
1338 619 1638 662 eodemmodo
1659 621 1720 661 lo-

207 682 383 733 quimur
399 681 716 730 Ger1nani,aut
735 683 810 735 qui
833 683 1036 723 similiter
1048 684 1166 722 certe
1186 680 1355 734 loquuti
1375 682 1492 726 sunt,
1514 675 1728 721 Romani..

206 738 380 792 Aliquis
400 741 517 781 enim
537 741 714 788 mensis,
747 740 908 793 aliquis
933 740 1025 779 dies
1045 739 1236 793 exempli
1257 739 1396 779 instar
1417 741 1509 786 est,
1531 735 1587 777 ad
1605 735 1723 789 quod

205 797 349 841 caeteri
373 810 541 840 menses
562 811 612 839 ac
632 799 724 839 dies
744 802 1065 852 comparentur.
1725 844 1729 849 ,

264 852 407 902 Alius,
450 857 571 908 isque
609 856 823 896 latissime
859 859 1014 909 patens
1049 854 1162 894 falso
1195 853 1466 893 inventarum
1497 851 1719 905 ellipsium

205 910 305 951 fons
329 912 373 952 in
392 927 444 953 eo
465 914 633 966 positus
662 916 744 959 est,
782 913 899 965 quod
930 926 1046 966 saepe
1078 923 1236 951 nomen
1273 909 1613 956 substantivum,
1645 909 1720 950 sed

205 967 392 1010 formam
413 970 578 1010 habens
599 970 821 1022 adjectivi,
850 983 928 1025 pro
949 969 1165 1024 adjectivo
1187 968 1388 1009 habitum
1407 970 1486 1007 est.
1547 963 1613 1006 Ex
1632 977 1719 1018 quo

204 1038 362 1077 genere
384 1028 544 1068 multos
572 1040 741 1068 errores
764 1028 858 1080 Jam
880 1027 1142 1069 Schaeferus
1164 1026 1344 1067 notavit.
1406 1021 1616 1077 Exempla
1640 1024 1718 1077 qui

205 1082 440 1131 desiderat,
476 1085 666 1132 abunde,
698 1086 817 1138 quod
839 1086 1035 1132 miretur,
1073 1085 1269 1126 inveniet
1288 1083 1334 1124 in
1355 1083 1440 1130 his,
1468 1094 1571 1137 quaeb
1588 1079 1642 1122 de
1662 1081 1721 1123 el·

202 1139 304 1194 lipsi
328 1143 554 1184 nominum
575 1143 665 1197 ἀνὴρ
688 1146 733 1184 et
754 1140 950 1198 ἄνθρωπος
969 1145 1177 1196 congesta
1198 1145 1315 1183 sunt.
1587 1175 1589 1179 .
1724 1182 1727 1186 ,

261 1197 362 1239 Non
383 1200 526 1241 rarius
558 1204 788 1254 peccatum
824 1206 892 1242 est
925 1202 972 1242 in
995 1214 1062 1248 eo,
1093 1199 1210 1252 quod
1232 1203 1401 1240 certum
1421 1209 1578 1238 nomen
1595 1195 1722 1253 intel-

201 1253 280 1308 ligi
296 1255 458 1300 vdebere
479 1257 623 1299 visum
643 1260 726 1306 est,
759 1258 834 1299 ubi
855 1263 934 1299 aut
955 1259 1183 1304 incertum,
1215 1260 1291 1298 aut
1310 1257 1481 1298 nullum
1513 1257 1627 1296 esset
1655 1254 1721 1295 in-

113 1313 505 1366 117te111gendum.
577 1314 797 1356 Incertum
828 1316 939 1367 dico,
982 1318 1032 1357 ut
1063 1315 1100 1356 τὶ
1136 1315 1203 1367 vel
1241 1318 1369 1362 τοῦτο,
1407 1327 1494 1367 quo
1533 1312 1722 1367 newipswo

204 1370 382 1421 quidem
403 1385 514 1425 opus
534 1377 600 1414 est
620 1373 664 1413 in
687 1373 741 1413 iis
763 1374 884 1420 locis,
917 1375 962 1414 in
984 1373 1144 1425 quibus
1177 1372 1285 1425 quid
1319 1371 1604 1424 significetur,
1635 1372 1724 1423 sta-

204 1428 286 1468 tim
316 1429 537 1481 adjectum
566 1435 651 1477 est,
683 1434 733 1471 ut
768 1430 814 1470 in
849 1432 1065 1484 exemplo,
1096 1430 1214 1483 quod
1245 1441 1290 1481 p.
1313 1427 1380 1469 92.
1413 1428 1596 1468 allatum
1626 1429 1718 1467 est:

204 1485 317 1540 εἶσεῄει
346 1484 500 1534 αὐτοὺς,
531 1487 631 1528 ὅπως
665 1485 707 1527 ἂν
739 1487 802 1527 καὶ
824 1487 982 1539 ’ἔχοντές
1009 1505 1045 1527 τι
1075 1485 1198 1526 οἴκαδε
1220 1487 1452 1539 οἷφίκωνταιε
1485 1484 1562 1525 ubi
1583 1483 1621 1524 Si
1641 1484 1722 1524 ali·

204 1542 308 1593 quid
341 1543 552 1584 omissum
586 1548 668 1592 est,
702 1557 788 1585 non
824 1545 950 1592 ἔννοια,
983 1545 1057 1585 sed
1090 1548 1202 1585 τοῦτο
1232 1543 1358 1583 debet
1394 1541 1607 1593 intelligi;
1645 1544 1724 1582 aut

204 1599 251 1639 in
274 1597 502 1654 Sophoclis
524 1599 697 1643 Electra
718 1614 758 1642 v.
792 1599 891 1642 495.
924 1601 1000 1656 πρὸ
1018 1600 1133 1642 τῶνδέ
1150 1601 1208 1640 τοί
1225 1602 1271 1646 μ’
1288 1600 1391 1652 ἔχει,
1423 1597 1615 1650 Μήποτε,
1643 1597 1725 1644 μή·

203 1654 296 1696 ποθ’
316 1657 407 1704 ἦμῖν
441 1657 619 1706 Ἀψεγὲς
639 1661 765 1698 πελᾶν
787 1661 897 1713 τέρας
915 1656 1008 1699 Τοῖς
1028 1658 1135 1713 δρῶσι
1171 1657 1234 1697 καὶ
1268 1656 1473 1711 συνδρῶσιν·
1496 1655 1572 1698 Ubi
1593 1654 1723 1706 mini-

203 1725 288 1761 me,
311 1719 360 1755 ut
381 1715 629 1756 scholiastis
651 1716 809 1767 visum,
841 1714 950 1756 ἐλπὶς
985 1717 1051 1756 vel
1073 1714 1211 1770 θάρσος
1230 1714 1510 1766 intelligitur,
1539 1713 1614 1754 sed
1645 1716 1723 1755 aut

204 1776 318 1812 τοῦτο
349 1772 453 1813 satis
484 1777 567 1821 est,
597 1777 691 1821 aut,
723 1773 841 1826 quod
871 1773 1007 1814 etiam
1037 1773 1182 1815 verius
1210 1773 1394 1824 videtur,
1425 1772 1497 1819 iis,
1528 1783 1625 1824 quae
1660 1783 1723 1811 se-

205 1833 415 1879 quuntur,
447 1832 585 1872 teneri
622 1844 668 1872 se
700 1831 809 1871 dicit
842 1830 1014 1872 chorus.
1073 1829 1253 1871 Illarum
1273 1842 1374 1870 vero
1397 1829 1720 1881 loquutionum,

203 1885 250 1927 in
290 1887 449 1939 quibus
480 1889 757 1943 apertissime
781 1889 946 1929 nullum
976 1901 1133 1929 nomen
1167 1890 1379 1929 omissum
1410 1891 1492 1935 est,
1527 1885 1723 1938 largissi-

203 1955 322 1985 mam
342 1946 515 1998 copiam
536 1947 651 1988 inter
671 1946 890 2000 ellipticas
911 1945 1110 1986 videmus
1145 1947 1305 1986 relatas
1339 1957 1446 1991 esse,
1477 1943 1723 1998 praesertim

202 2001 278 2042 ubi
302 2015 460 2043 nomen
497 2004 670 2056 generis
706 2003 907 2045 neutrius
941 2003 1131 2056 intelligi
1153 2004 1319 2044 volunt.
1377 1999 1506 2043 Talia
1524 2000 1721 2055 quidem,

203 2059 353 2111 qualia
374 2066 472 2101 sunt
495 2063 511 2100 ὁ
541 2061 695 2108 δίκαιος,
728 2063 758 2101 οἱ
791 2059 1052 2111 μαθημτικοὶ,
1085 2062 1178 2102 sine
1198 2061 1286 2102 ulla
1307 2060 1451 2114 ellipsi
1472 2059 1589 2101 dicta
1611 2071 1721 2107 esse,

202 2117 423 2158 neminem
458 2119 628 2165 latebit,
660 2118 734 2170 qui
773 2120 1057 2172 reputaverit,
1089 2119 1277 2160 alterum
1309 2119 1464 2159 horum
1494 2116 1721 2158 nominum

203 2174 284 2215 hoc
322 2175 544 2224 denotare,
576 2177 676 2216 ὅστις
708 2175 846 2216 δίκαιός
884 2178 996 2223 ἐστιν,
1027 2177 1214 2217 alterum
1245 2179 1392 2216 autem
1421 2187 1502 2215 usu
1539 2175 1585 2215 in
1620 2174 1719 2216 sub-

201 2233 443 2273 stantivum
483 2235 682 2275 vertisse.
760 2232 923 2274 Eadem
964 2247 1066 2274 vero
1097 2235 1143 2274 in
1174 2234 1342 2275 neutris
1372 2233 1487 2274 ratio
1517 2235 1601 2280 est,
1630 2244 1719 2273 non

202 2289 423 2338 omnibus,
448 2292 522 2332 sed
542 2291 776 2347 plerisque.
836 2289 887 2331 In
906 2303 994 2344 qua
1028 2304 1075 2332 re
1110 2291 1291 2333 subacto
1326 2303 1434 2344 opus
1455 2292 1523 2330 est
1537 2288 1720 2342 judicio.

202 2345 320 2387 Nam
350 2348 424 2388 ubi
457 2349 566 2390 nihil
601 2362 762 2389 caussae
803 2354 882 2399 est,
926 2361 1060 2400 quare
1090 2353 1258 2391 certum
1290 2360 1448 2388 nomen
1479 2347 1720 2399 intelligas,

202 2406 340 2445 satius
360 2410 425 2446 est
446 2406 691 2458 intelligere
711 2405 837 2452 nihil,
866 2410 916 2447 ut
949 2406 993 2446 in
1016 2407 1101 2447 hoc
1132 2406 1265 2446 πολλοὶ
1297 2402 1558 2460 λοιδορεῖσθαι,
1587 2408 1722 2459 παῦρα

112 2464 345 2512 118λέγεινε
392 2464 498 2515 quia
527 2464 574 2504 in
607 2464 676 2504 his
707 2476 794 2503 non
834 2464 983 2511 verba,
1029 2464 1103 2504 sed
1133 2464 1349 2513 universe,
1388 2463 1505 2515 quod
1534 2462 1720 2517 multum

202 2523 280 2560 aut
312 2532 467 2573 parum
497 2526 577 2569 est,
621 2524 859 2575 spectatur,
892 2521 1007 2562 unde
1038 2522 1171 2562 etiam
1206 2534 1284 2575 per
1320 2520 1576 2561 adverbium
1611 2519 1722 2573 talia

200 2578 388 2630 proferri
406 2582 608 2631 possunt,
646 2578 1012 2630 quemadmodum
1043 2577 1263 2627 Homerus
1287 2583 1522 2629 utrumque
1540 2577 1717 2630 junxit:

200 2632 345 2689 Παῦςα
375 2635 461 2681 μὲν,
492 2636 598 2676 ἀλλὰ
619 2637 734 2683 μάλα
755 2638 903 2684 λιγέως.
966 2636 1053 2677 Sed
1082 2649 1218 2690 quum
1248 2639 1414 2677 certum
1443 2634 1550 2687 quid
1578 2634 1719 2686 desig-

201 2692 294 2732 nari
316 2705 385 2732 res
407 2693 504 2745 ipsa
527 2694 739 2746 postulat,
770 2706 824 2733 ne
857 2693 1067 2746 fugienda
1101 2693 1279 2747 quidem
1308 2694 1475 2747 ellipsis
1497 2694 1578 2733 est.
1635 2689 1719 2732 Ex-

201 2749 346 2803 emplo
369 2753 467 2790 utar
488 2751 612 2790 valde
642 2751 887 2804 perspicuo.
947 2749 1014 2791 Τὰ
1045 2750 1162 2800 δεξιοὶ,
1195 2751 1247 2791 ταὶ
1276 2749 1450 2806 ἀριστερὰ
1479 2762 1595 2802 saepe·
1626 2749 1719 2789 sine

200 2807 342 2860 ellipsi
387 2807 605 2861 dicuntur,
652 2820 788 2859 quum
833 2808 1118 2859 significatur,
1158 2808 1370 2862 quidquid
1411 2807 1606 2847 dextrum
1641 2811 1720 2847 aut

202 2864 427 2904 sinistrum
450 2869 532 2911 est,
566 2866 640 2905 sed
664 2866 707 2904 in
729 2878 773 2905 re
796 2866 976 2906 militari
1015 2866 1059 2906 τὸ
1080 2864 1192 2914 δεξιὸν
1213 2871 1256 2906 et
1274 2865 1318 2905 τὸ
1339 2863 1522 2920 ἀριστερὸν
1544 2876 1642 2917 cum
1661 2863 1718 2904 el-

199 2921 300 2975 lipsi
320 2922 497 2969 dicitur,
529 2922 644 2974 quod
668 2922 749 2963 hac
771 2923 814 2963 in
836 2935 884 2963 re
903 2924 1014 2964 nihil
1043 2923 1164 2964 aliud
1185 2935 1317 2976 quam
1338 2925 1447 2976 κέρας
1479 2921 1717 2973 significari

199 2983 355 3033 potest.
415 2977 578 3021 Eodem
612 2979 741 3021 modo
773 2980 1020 3028 masculini,
1053 2985 1097 3022 et
1133 2982 1319 3037 maxime
1351 2978 1553 3037 feminini
1589 2990 1717 3034 gener
