1838 3164
198 131 286 177 276
720 147 916 193 ELmrsls
936 146 1174 183 NOMINUM.

201 261 302 298 neo,
343 246 797 299 Hermesianacteum,
847 249 1033 306 Θρῇσσαν
1064 250 1307 300 στειλάμενος
1337 250 1514 308 κιθάρην,
1554 252 1717 298 Athen.

201 311 238 349 t.
261 320 300 348 v.
322 319 365 362 p.
393 305 484 349 160.
515 320 603 349 non
624 309 738 350 male
756 309 999 363 comparari
1034 322 1161 364 posse
1192 323 1290 351 cum
1315 308 1579 364 Virgiliano,
1610 310 1720 360 Qui-

197 363 336 425 rinali
355 363 466 409 lituo
483 364 738 414 succinctuS,
759 364 861 407 AEn.
882 366 960 408 vii.
981 379 1066 408 ver.
1094 366 1207 423 187.)
1238 367 1440 411 Sonam.

656 439 678 460 ⁴⁵
708 437 970 490 ΣΤΟΛΟΣ,
1003 439 1076 484 CL
1084 439 1262 484 ASSIS.

260 512 313 555 In
339 515 550 562 ιωλώὶμος,
587 513 789 556 absolute
826 527 927 556 cum
967 516 1159 569 ponitur,
1203 516 1424 558 interdum
1462 517 1723 560 subauditur

203 572 355 614 στόλος.
415 571 490 613 Sic
509 569 600 613 Leo
618 586 657 614 c.
677 573 768 613 xix.
800 571 837 628 ξ.
871 570 944 614 25.
982 573 1086 614 κατὰ
1118 573 1189 617 τῆν
1221 576 1391 623 ὁμοίωσιν
1422 579 1490 617 τοῦ
1523 578 1722 624 βασιλικοῦ

204 627 406 677 πλωίμου.
467 627 601 671 Plene
623 629 740 671 idem
759 644 795 672 c.
831 630 922 671 xix.
958 630 994 686 ξ.
1030 630 1102 672 33.
1137 631 1194 672 Δ’
1230 632 1318 673 ὅλου
1352 633 1425 673 ὑπό
1460 650 1504 674 τε
1535 630 1722 681 ωλωΐμου

203 687 359 740 στόλου.
390 686 608 729 ΞοΗννΕΒ.
669 686 750 730 Est
783 688 865 731 hoc
894 690 1151 730 recentioris
1182 688 1460 732 Graecitatis:
1491 703 1589 743 quae
1622 702 1724 732 cum

203 744 402 788 absolute
451 745 586 793 dicat,
638 758 728 787 non
770 748 788 786 ὃ
824 748 1023 795 πλώϊμος,
1072 747 1146 788 sed
1195 747 1240 787 τὸ
1279 749 1474 796 ωλώϊμον,
1524 751 1723 802 apparet,

199 798 463 845 rSchwebelii
497 803 716 845 rationem
750 817 837 845 non
876 804 1123 858 procedere.
1195 803 1293 846 Vid.
1332 803 1492 858 Gangii
1524 804 1722 847 Glossar.

202 857 347 907 Graec.
369 875 405 903 c.
433 859 555 902 1184.
616 860 754 903 Paulo
783 862 1040 916 speciosius,
1070 866 1121 903 ut
1140 875 1182 902 v.
1213 863 1346 903 στόλος
1376 864 1543 917 passim
1571 861 1727 905 deesse'

202 917 390 969 doceret,
418 919 654 961 excitasset
688 933 745 961 ex
763 918 1047 972 Wesselingii
1082 919 1274 960 editione
1308 918 1491 962 Diodor.
1528 919 1614 962 Sic.
1651 933 1724 962 xv.

201 989 240 1016 c.
261 974 306 1017 3⁸
342 980 410 1017 τοῦ
422 978 621 1023 βασιλικοῦ
640 978 945 1032 ωαςαπλέοντος.
1007 975 1092 1017 Sed
1113 977 1175 1017 ibi
1196 989 1431 1030 operarum
1451 978 1723 1030 negligentia

199 1037 303 1086 post
314 1036 513 1081 βασιλικοῦ
531 1033 680 1075 omisit
689 1046 839 1076 vocem
855 1034 1010 1081 στόλου,
1026 1046 1160 1086 quam
1174 1032 1404 1089 Bipontini
1424 1036 1723 1077 restituerunt.

201 1088 407 1133 Sanur.

791 1146 1022 1201 ΣΤΟΜΑ,
1055 1147 1135 1191 OS.

262 1222 399 1265 Attici
419 1225 605 1266 verbum
622 1223 734 1278 ἕξειν,
755 1223 883 1272 olere,
904 1237 1003 1266 cum
1034 1223 1202 1278 duplici
1234 1222 1432 1276 genitivo
1447 1219 1726 1273 construunt,

204 1279 414 1323 nimirum
435 1296 535 1324 cum
555 1283 753 1338 genitivo
784 1295 983 1336 personae
1017 1281 1304 1336 praecedente,
1341 1285 1385 1322 et
1403 1282 1470 1323 rei
1502 1286 1724 1336 sequente.

202 1336 259 1380 V.
282 1353 346 1393 gr.
369 1338 576 1382 Latinum
596 1340 728 1382 illud:
759 1338 854 1381 Olet
874 1338 956 1380 iste
975 1344 1257 1395 unguentum,
1287 1340 1566 1395 exprimunt:
1597 1337 1728 1382 Ἐκεῖ-

205 1413 267 1437 νου
286 1397 362 1454 ’όζει
377 1401 512 1454 μύρου.
575 1396 648 1439 Sic
670 1396 874 1439 Comicus
894 1398 941 1438 in
958 1396 1071 1439 Pace
1086 1410 1128 1438 v.
1152 1396 1249 1439 528.

376 1453 460 1498 Τοῦ
478 1456 549 1503 μὲν
567 1455 642 1510 *γὰρ
661 1454 735 1509 ’όζει
757 1453 1159 1512 κρομμυοξυρεγμίας-ζ

373 1510 538 1555 Ταύταις
559 1512 594 1552 δ’
613 1511 804 1568 Ὀπώρας
820 1511 1018 1566 ὑποδοχῆς
1039 1512 1262 1554 Διονυσίων.

379 1569 460 1611 Ille
479 1569 563 1612 olet
582 1568 1057 1627 cepivomacrz'moniam
1069 1585 1084 1611 .·

380 1627 484 1669 Haec
516 1641 615 1671 vero
649 1626 892 1669 Auctumna
921 1626 1090 1682 gaudia
1119 1633 1161 1670 et
1183 1625 1420 1684 Dionysia.

202 1683 295 1727 Ubi
315 1685 362 1727 in
378 1686 514 1740 plena
532 1690 750 1728 structura
769 1688 874 1727 ante
901 1687 1097 1740 priorem
1119 1686 1376 1739 genitivum
1394 1684 1625 1728 subaudiri
1654 1684 1726 1728 de-

202 1742 279 1784 bet
310 1745 466 1792 στόμα;
513 1747 616 1785 ante
655 1743 943 1797 posteriorem
982 1743 1119 1796 ὂσμῆν,
1162 1747 1214 1785 ut
1247 1745 1416 1797 integre
1460 1744 1543 1786 sit:
1589 1744 1728 1785 ἐκείνου

203 1801 334 1849 στόμα
366 1799 441 1855 ἷίζει
476 1800 599 1849 ὀσμὴν
629 1803 764 1856 μύρου.
826 1799 987 1842 Plenus
1017 1813 1160 1842 sermo
1194 1802 1243 1843 in
1274 1802 1357 1842 hoc
1387 1801 1483 1844 loco
1513 1804 1611 1843 est:
1642 1799 1726 1843 Τοῦ

201 1859 274 1906 μὲν
291 1859 368 1915 *γὰρ
390 1857 613 1912 στόμιαῧζει
633 1858 754 1907 ὀσμὴν
788 1856 1185 1915 κρομμυοξυρεγμίας·
1207 1861 1355 1902 vadi-m
1374 1858 1411 1899 δ’
1431 1857 1622 1915 Ὀπῶξας
1641 1859 1727 1899 στό-

200 1932 264 1963 μα
281 1915 358 1973 ’όζει
379 1915 500 1965 ὀσμὴν
522 1915 720 1970 ὑποδοχῆς
753 1915 988 1959 Διονυσίωνε
1019 1917 1051 1958 i.
1072 1930 1111 1957 e.
1150 1915 1278 1958 Illius
1308 1930 1353 1958 08
1378 1914 1461 1958 olet
1490 1915 1727 1973 cepivoma-

202 1971 482 2022 tm'mom'am‚·
510 1972 639 2030 hujus
670 1986 768 2015 vero
805 1987 850 2017 os
880 1979 964 2017 etc.
1044 1973 1335 2030 [Interpunge
1369 1973 1694 2029 Aristophanea
1714 1987 1727 2014 ε

202 2027 367 2074 Ταύτης
387 2031 446 2079 δ’,
468 2032 634 2087 ὀπώρας,
656 2031 867 2085 ὑποδοχῆς,
889 2032 1112 2074 Διονυσίων.
1173 2031 1322 2075 Vertit
1342 2030 1615 2074 Brunckius:
1647 2029 1732 2073 Ῐιιεσ

159 2082 168 2088 ’
202 2094 348 2130 autem
377 2087 462 2131 olet
483 2101 632 2144 poma,
661 2087 919 2138 convivium,
955 2088 1188 2146 Dionysia.
1250 2088 1454 2132 Ceterum
1474 2090 1604 2143 longe
1625 2091 1730 2131 sim-

200 2145 362 2199 plicior
382 2147 498 2188 ratio
519 2148 719 2202 suppetit
739 2145 947 2189 Bosiana.
999 2147 1119 2189 Nam
1134 2148 1266 2190 verbo
1282 2146 1358 2201 ’ὄζει
1373 2148 1729 2202 impersonaliter

203 2203 447 2253 intellecto,
487 2204 544 2246 ad
575 2205 769 2259 priorem
803 2205 1050 2258 genitivum
1083 2205 1335 2253 subaudias,
1361 2205 1399 2247 si
1420 2206 1544 2259 -quid
1576 2208 1728 2246 tamen

204 2263 448 2304 necessario
464 2262 838 2311 subaudiendum,
868 2263 1228 2319 praepositionem
1248 2264 1348 2304 ἀπόε
1382 2262 1470 2304 vid.
1495 2262 1641 2304 Zeun.
1673 2262 1730 2303 ad

203 2318 488 2374 Xenophont.
510 2320 565 2361 de
586 2318 747 2362 Venat.
769 2334 812 2362 v,
834 2320 876 2362 7.
899 2322 955 2363 ad
984 2320 1276 2376 posteriorem
1314 2319 1427 2361 nihil
1459 2320 1591 2374 plane
1627 2320 1730 2361 sub-

204 2376 557 2432 intelligendum.
618 2375 698 2421 Est
716 2379 832 2421 enim
851 2379 943 2421 haec
977 2379 1155 2434 propria
1174 2377 1440 2421 constructio
1458 2377 1582 2419 verbi
1616 2375 1729 2431 ὄζειν,

207 2438 259 2476 ut
277 2436 476 2489 genitivo
495 2435 706 2489 adjuncto
725 2437 1012 2490 significetur,
1034 2449 1168 2490 quam
1203 2448 1297 2478 rem
1317 2434 1485 2489 aliquid
1504 2435 1637 2483 oleat,
1658 2447 1730 2477 ac-

205 2494 423 2542 cusativo,
458 2494 571 2536 bene
603 2506 661 2536 an
699 2507 824 2537 secus
855 2495 986 2536 oleat.
1061 2493 1194 2539 Conf.
1225 2493 1508 2548 Aristophan.
1538 2492 1729 2534 Acharn.

206 2562 250 2591 v.
274 2550 371 2593 852.
390 2550 486 2606 ’όξων
517 2550 631 2592 κακὸν
661 2555 736 2593 τῶν
769 2556 994 2606 μασχαλῶν
1028 2551 1190 2607 Πατρὸς
1220 2549 1486 2608 Τραγασαίου.
1520 2550 1599 2593 ubi
1620 2550 1729 2592 item

205 2606 370 2662 duplex
390 2610 466 2651 ille
487 2608 725 2662 genitivus,
743 2610 891 2652 addito
911 2611 1172 2652 accusativo.
1202 2609 1424 2662 SanEFf]

266 2666 292 2693 ³¹*
313 2665 456 2716 Στόμα
475 2679 562 2708 non
582 2667 796 2721 reperitur
816 2668 864 2709 in
886 2667 1114 2710 Bossianis
1134 2666 1362 2723 ellipsibus
1390 2679 1441 2707 eo
1460 2678 1605 2715 sensu,
1640 2676 1730 2718 quo

208 2722 363 2766 ostium
392 2723 523 2767 maris
541 2725 738 2766 denotat.
798 2724 1032 2767 Omittitur
1060 2729 1212 2767 tamen
1245 2725 1327 2765 hac
1364 2724 1541 2765 notione
1572 2723 1620 2763 in
1653 2723 1730 2763 ad‘-

202 2781 370 2833 jectivo
390 2782 530 2835 στενὸς,
588 2795 627 2823 e.
648 2795 692 2836 g.
727 2784 846 2837 apud
882 2783 1222 2837 Agathemerem
1253 2782 1330 2823 lib.
1363 2781 1395 2823 i.
1427 2794 1522 2836 cap.
1553 2779 1596 2822 3.
1618 2793 1663 2834 p.
1685 2779 1728 2822 7.

212 2839 230 2877 ὃ
252 2838 291 2880 δὲ
313 2837 485 2895 Θρᾴκιος
506 2839 692 2895 Βόσπορος
713 2840 765 2881 τοὶ
789 2841 915 2890 στεναὶ,
953 2840 1112 2882 σταδίων
1144 2841 1186 2886 ς’.
1247 2839 1534 2894 supplentem
1570 2838 1728 2886 habeo,

209 2895 290 2998 beij
300 2897 362 2997 ld7e
392 2898 544 2960 eodem
566 2898 762 2954 Bosporo
780 2896 972 2943 Thracio
990 2899 1204 2953 loquitur,
1220 2898 1499 2952 *Oppianum
1530 2893 1726 2938 Halieut.

207 2966 242 2995 1.
355 2987 364 2998 .
