1838 3164
161 124 228 167 xvi
619 127 908 170 PRAEFATIO
936 124 1212 190 LEISNERL

624 249 857 293 -minime
876 248 983 292 milti
1002 249 1079 291 hcc

348 305 464 365 Opus
484 314 544 350 est
561 305 772 350 honore—

179 363 324 407 Schol.
362 369 404 407 οὐ
433 367 567 421 χρείαν
597 366 680 419 ἔχω
711 368 782 409 τῆς
807 372 852 406 τέ
879 368 952 405 τῶν
979 363 1181 406 Ἑλλήνων
1214 361 1276 402 καὶ
1303 365 1370 403 τοῦ
1396 359 1683 410 Ἀγαμέμνονος

158 425 310 470 .τιμ,ἦς.
371 421 455 464 Καὶ
475 424 554 463 ’ἐστι
574 423 805 472 σολοικισμὸς
822 422 931 477 παρὰ
960 421 1032 462 τοὶς
1054 422 1232 461 πτώσεις.
1293 418 1452 472 Neque
1475 419 1681 463 audiendi

176 484 294 527 sunt,
330 481 406 534 qui
439 479 633 521 Homero
651 481 802 520 dicunt
833 479 1045 519 excidisse
1066 477 1134 517 his
1153 478 1260 518 locis
1281 477 1442 517 σολοικόν
1460 493 1497 516 τι
1517 477 1682 531 impru-

156 538 315 579 denti.
373 536 490 579 Nam
521 538 701 578 eandem
729 535 933 591 loquendi
964 535 1152 575 formam
1185 533 1386 575 adhibuit
1419 533 1681 576 etiamalibi

177 598 223 636 et
243 596 430 649 saepiusv:
461 607 496 634 e.
516 607 558 647 g.
584 592 709 634 Iliad.
732 591 766 633 Ι.
789 606 876 634 ver.
898 591 968 632 75.
997 591 1123 632 Iliad.
1146 591 1201 632 A.
1234 604 1325 631 ver.
1355 590 1452 632 605.
1482 589 1608 633 Iliad.
1627 590 1678 633 Σ.

176 665 268 693 ver.
287 650 386 693 406.
418 648 575 703 Odyss.
597 650 650 691 A.
673 662 762 691 ver.
785 649 885 691 225.
907 653 956 689 ut
973 662 1060 690 non
1081 649 1222 702 possit
1251 660 1354 698 non,
1384 649 1460 701 qui
1491 661 1588 690 eam
1615 649 1680 690 vi·

158 710 333 750 -tiosam
354 711 398 748 et
418 708 620 749 soloecam
644 711 788 762 putat,
821 705 1014 748 Homero
1044 706 1337 758 ignorantiam
1356 710 1434 748 aut
1452 709 1570 747 certe
1589 710 1680 748 tur-

174 777 276 819 pem
297 765 610 818 negligentiam
628 766 837 812 tribuere,
853 768 983 816 atque
1005 765 1050 805 in
1064 776 1152 804 uno
1172 763 1427 816 duobusque
1443 764 1549 805 locis
1568 765 1680 806 alios

159 822 492 876 ⁴reprehendere
512 835 562 864 ac
583 823 788 863 damnare
806 822 1031 876 plurimos.
1081 821 1166 862 Sed
1185 833 1274 873 qua
1292 821 1468 862 tandem
1488 834 1573 876 ope
1588 821 1680 863 Ho-

174 893 342 921 merum
377 883 526 921 contra
562 879 641 921 has
682 879 1080 921 Grammaticorum
1120 879 1444 926 criminationes
1475 878 1681 921 defende-

177 939 309 979 mus?
354 937 579 979 Auxilium
614 938 668 979 ab
705 937 849 992 ellipsi
885 941 1099 992 petemus,
1129 949 1267 989 eaque
1295 938 1342 978 in
1363 949 1411 978 re
1431 937 1681 991 exemplum

176 992 362 1042 Donati,
393 996 562 1050 pariter
581 996 756 1046 veteris,
787 996 860 1036 sed
880 995 1274 1049 circumspectioris
1291 994 1566 1047 grammatici
1584 994 1682 1036 imi-

173 1052 385 1099 tabimur,
416 1053 492 1105 qui
517 1053 571 1093 ad
590 1051 698 1094 Eun.
720 1053 778 1093 iv.
802 1053 844 1101 7,
870 1051 933 1094 19.
953 1052 1357 1099 decantatissimum
1376 1052 1547 1092 locum:

308 1108 464 1151 Omnia
474 1109 598 1166 prius
615 1108 803 1166 experiri
815 1108 967 1157 verbis,
990 1123 1117 1166 quam
1132 1107 1278 1157 armis,
1294 1107 1534 1165 sapientem
1547 1107 1681 1150 decet.

171 1166 445 1210 admittendo
467 1168 642 1221 ellipsin
661 1168 785 1210 verbi
809 1181 935 1221 agere
966 1172 1065 1222 post
1094 1166 1238 1214 armis,
1269 1165 1520 1208 Terentium
1540 1165 1682 1219 suspi-

169 1223 295 1265 cione
317 1223 590 1265 ἀνακολουθίας
608 1225 779 1266 liberat.
840 1224 1017 1266 Scilicet
1037 1225 1082 1266 in
1108 1225 1314 1266 omnibus
1331 1223 1532 1264 adductis
1550 1225 1596 1263 et
1617 1224 1682 1263 in-

171 1280 328 1323 dicatis
348 1280 530 1323 Homeri
550 1283 674 1330 locis,
691 1283 729 1322 si
751 1282 986 1323 subaudias
1010 1283 1189 1323 verbum
1205 1281 1383 1336 aliquod
1403 1293 1502 1321 cum
1521 1280 1684 1321 acutis-

159 1339 287 1379 -simo
320 1337 517 1393 Clarkio,
553 1340 646 1380 sive
682 1340 826 1386 ἱκάνειν,
862 1340 952 1380 sive
980 1340 1110 1390 βιάειν,
1141 1339 1259 1379 salva
1282 1350 1350 1378 res
1371 1338 1470 1384 erit,
1503 1336 1681 1379 habebi·

173 1407 371 1448 musque,
392 1393 506 1448 quoii
534 1395 588 1437 de
608 1394 800 1437 Homero
821 1397 877 1437 ab
897 1397 1071 1450 injuriis
1092 1400 1136 1438 et
1154 1394 1504 1438 cavillationibus
1525 1393 1684 1436 Gram-

173 1454 433 1495 maticorum
454 1453 676 1495 vindicato
697 1454 823 1495 nobis
843 1455 1126 1506 gratulemur.
1159 1453 1252 1495 Nos
1273 1457 1417 1493 autem
1440 1451 1683 1494 Homerum

158 1510 242 1552 >ita
260 1511 597 1565 interpretantes
619 1511 729 1552 nihil
753 1511 912 1564 fingere
932 1512 989 1553 ab
1009 1513 1104 1565 ejus
1124 1514 1269 1553 mente
1289 1511 1497 1561 alienum,
1529 1523 1582 1551 eo
1602 1510 1682 1551 mi-

174 1580 257 1609 nus
292 1567 586 1610 dubitationis
625 1569 771 1616 habet,
801 1570 916 1621 quod
955 1571 1049 1623 ipse
1073 1569 1144 1610 ille
1178 1572 1409 1624 poetarum
1442 1580 1601 1622 parens
1632 1579 1686 1608 ac

171 1626 379 1680 princeps
409 1629 667 1668 alterutrum
696 1627 869 1669 illorum
890 1628 1118 1670 verborum
1145 1627 1311 1682 passim
1343 1626 1455 1667 solet
1473 1625 1681 1680 adjicere.

167 1680 294 1724 Iliad.
318 1683 372 1724 K.
405 1698 496 1727 ver.
523 1683 617 1726 172.

279 1740 418 1783 Ἀλλά
436 1744 551 1790 μάλα
569 1744 726 1791 μεγάλη
746 1742 863 1797 χρειὼ
882 1743 1058 1791 βεβίηκεν
1075 1740 1283 1795 Ἀχαιούς.

290 1795 446 1840 Verum
465 1798 590 1842 valde
609 1814 768 1856 magna
786 1798 1010 1842 necessitas
1035 1800 1238 1857 oppressit
1257 1797 1453 1842 Achivos.

167 1857 212 1896 et
231 1853 356 1897 Iliad.
376 1855 430 1898 K.
451 1870 539 1898 ver.
566 1857 661 1899 118.

280 1914 455 1969 -χρειὼ
474 1914 550 1969 «γάρ
570 1916 734 1955 ἱκάνεται
754 1917 875 1956 οὐκέτ’
896 1916 1063 1956 α’νεκτός.

283 1970 569 2013 —necessitas
588 1972 703 2013 enim
722 1979 845 2027 urget
864 1987 951 2015 non
958 1973 1059 2028 jam
1079 1971 1323 2015 tolerabilis.

172 2030 334 2070 etcum
357 2029 602 2070 accusativo
631 2042 826 2082 personae
853 2043 1058 2085 expresso
1094 2029 1248 2084 Odyss.
1281 2029 1331 2071 E.
1365 2041 1455 2071 ver.
1479 2027 1571 2070 189.
1605 2027 1682 2070 ubi

168 2089 303 2143 poeta.
323 2084 509 2139 Calypso
529 2086 595 2127 ita
613 2087 722 2127 facit
742 2087 1013 2138 loquentem:

287 2142 424 2183 Ἀλλὰ
446 2142 496 2183 ταὶ
516 2144 585 2190 μὲν
607 2145 692 2183 νοέω
713 2144 776 2184 καὶ
797 2146 1027 2198 φράσσομαι,
1060 2146 1140 2187 ἅσσ’
1166 2143 1207 2185 ἂν
1229 2146 1382 2200 ἐμοίπεξ

286 2200 405 2256 Αὖτῇ
425 2198 632 2248 undosum,
665 2201 726 2241 ὅτε
751 2219 800 2249 με
823 2202 939 2257 χρειὼ
960 2204 1064 2243 τόσον
1082 2203 1166 2243 ἵκοι.

288 2257 373 2299 Sed
392 2271 443 2300 ea
464 2257 633 2312 quidem
654 2256 851 2315 dispicio,
874 2265 915 2300 et
933 2259 1108 2307 suadeo,
1135 2272 1388 2316 quaecunque
1403 2256 1512 2300 ›milzz‘
1527 2255 1616 2313 ipsi

295 2314 451 2371 Utique
465 2314 699 2363 suaderem,
711 2315 751 2357 si
767 2316 937 2373 quando
953 2317 1177 2360 necessitas
1189 2331 1255 2359 me
1271 2323 1486 2373 tantopere
1503 2319 1684 2370 urgeret.

175 2371 263 2414 His
283 2373 525 2414 observatis
545 2385 647 2416 non.
663 2378 746 2422 est,
776 2375 890 2426 quod
921 2376 1052 2416 nobis
1083 2376 1128 2416 in
1155 2380 1380 2429 posterum
1404 2377 1482 2415 aut
1500 2386 1526 2414 a
1546 2372 1684 2414 veteri

177 2431 421 2472 Scholiasta
441 2443 667 2484 anonym0‚
681 2436 757 2472 aut
778 2432 833 2472 ab
852 2430 1102 2482 Eustathio,
1120 2439 1196 2474 aut
1216 2428 1404 2483 denique
1423 2432 1479 2472 ab
1508 2429 1566 2472 H.
1588 2429 1684 2472 Ste-

173 2490 340 2542 phano,
362 2488 549 2539 aliisque
569 2488 734 2543 imponi
758 2490 839 2531 hoc
859 2491 1037 2531 nornine
1058 2491 1291 2544 patiamur.
1321 2489 1477 2542 Itaque
1497 2487 1683 2530 modesti

174 2550 220 2587 et
241 2545 501 2587 considerati
532 2546 693 2597 judicis
729 2547 902 2588 laudem
935 2549 1111 2589 auferre
1143 2552 1333 2589 meretur
1363 2545 1683 2592 Joh.Jensius‚

175 2604 252 2655 qui
274 2603 318 2644 in
338 2601 455 2643 Lect.
477 2600 582 2644 Luc.
605 2603 653 2643 ii.
677 2602 716 2644 4.
747 2617 789 2658 p.
816 2603 911 2645 156.
934 2605 987 2646 de
1006 2606 1095 2646 illis
1112 2604 1292 2647 Homeri
1315 2605 1421 2645 locis
1443 2605 1507 2645 ita
1527 2602 1680 2644 sentit:

176 2666 205 2684 ‘⁴
228 2659 297 2700 An
318 2672 421 2700 vero
439 2673 589 2701 revera
611 2660 701 2701 haec
720 2662 880 2702 locutio
901 2663 960 2703 sit
980 2665 1151 2710 soloeca,
1184 2675 1268 2704 non
1288 2661 1482 2714 judico.”
1529 2658 1687 2701 Paucis

173 2717 318 2758 verbis
348 2718 589 2769 interjectis
622 2718 766 2759 addit:
802 2726 831 2743 ‘⁶
854 2718 982 2761 Forte
1013 2721 1212 2771 quaedam
1245 2724 1311 2760 est
1347 2719 1530 2773 ellipsis,
1559 2717 1685 2769 cujus

173 2775 289 2815 ratio
310 2774 367 2814 sit
385 2775 574 2815 nondum
605 2776 730 2827 plene
761 2778 1032 2831 perspecta.”
1093 2777 1211 2825 Quin
1240 2777 1481 2818 rectissime
1510 2773 1685 2816 Jensius

173 2834 309 2872 totam
330 2844 421 2872 rem
445 2844 527 2885 ope
545 2832 740 2886 ellipsios
760 2847 854 2875 esse
874 2836 1191 2888 expediendam
1213 2834 1464 2888 conjecerit,
1496 2845 1564 2878 ea,
1586 2843 1685 2885 quae

174 2889 228 2929 de
248 2889 353 2930 locis
375 2888 464 2929 illis
486 2887 686 2937 Homeri,
718 2898 938 2944 praeeunte
960 2891 1154 2941 Clarkio‚
1186 2894 1455 2938 monuimus,
1483 2889 1686 2931 dubitare

172 2959 252 2991 nos
272 2959 359 2989 non
380 2946 544 2990 sinunt.
607 2946 692 2989 Sed
714 2950 939 3004 majorem,
968 2955 1087 2993 certe
1113 2950 1442 2998 evidentiorem,
1477 2947 1686 3003 injuriam
