1838 3164
666 154 958 198 PRAEFATIO
984 152 1145 196 BOSII.
1624 155 1678 196 vii

163 282 343 339 poterit,
373 290 596 333 nunquam
631 277 783 320 felices
815 277 861 319 in
895 277 951 319 iis
983 288 1243 332 progressus
1279 274 1423 327 faciet,
1453 287 1594 330 neque
1623 276 1681 318 ad

165 343 331 382 certam
368 336 605 380 earundem
637 336 940 390 cognitionem
975 335 1214 390 perveniet.
1291 332 1458 375 Contra
1493 347 1560 382 ea,
1605 335 1683 386 qui

124 418 131 421 ⁶
169 398 309 453 probe
328 398 526 439 versatus
546 394 684 437 fuerit
713 396 762 435 in
781 393 982 435 doctrina
1000 391 1226 448 Ellipsios,
1255 405 1322 434 nae
1342 392 1381 433 is
1399 392 1566 445 majore
1585 405 1685 432 cum

169 456 316 498 fructu
337 455 472 496 libros
491 451 747 494 Graecorum
767 451 900 505 leget,
934 454 981 492 et
1009 451 1259 492 solidiorem
1290 450 1375 491 sibi
1397 449 1563 492 Graecae
1583 448 1685 490 Lin-

171 526 269 567 guae
287 512 582 565 cognitionem
603 510 816 562 acquiret,
847 508 976 561 idque
1008 512 1053 550 et
1085 508 1282 550 faciliore
1310 509 1448 550 multo
1467 507 1687 559 methodo,

173 574 219 613 et
236 570 419 612 certiore
437 568 742 617 fundamento,
768 578 903 624 quam
921 566 1014 620 fieri
1033 567 1165 624 vulgo
1185 567 1360 609 assolet.
1421 564 1539 607 Nam
1557 565 1689 607 facile

171 627 339 671 carebit
376 627 579 682 plurimis
618 624 1018 672 Grammaticorum
1055 623 1238 678 regulis,
1265 624 1612 679 exceptionibus,
1642 626 1689 663 et

172 684 566 732 observationibus,
596 695 784 737 quarum
814 681 1036 740 pleraeque
1060 682 1198 733 falsae,
1229 682 1423 733 insulsae,
1442 681 1615 735 „jejunae
1643 684 1690 722 et

172 743 326 785 inanes
363 745 484 791 sunt,
513 745 700 794 quaeque'
719 737 985 788 discentium
1015 741 1271 783 memoriam
1303 752 1392 782 non
1410 739 1690 781 mediocriter

173 803 435 854 aggravant,
465 803 510 841 et
529 799 775 852 legentibus
795 797 978 840 taedium
998 801 1043 839 et
1069 798 1300 840 fastidium
1318 798 1514 852 pariunt.
1576 796 1689 838 Prae-

172 861 296 900 terea
313 857 514 899 obscuris
546 857 694 898 multis
714 855 960 900 Auctorum
985 856 1092 899 loeis
1127 856 1270 898 lucem
1300 855 1453 898 afferet
1483 853 1693 910 Ellipsios

174 916 356 958 notitia.
417 913 565 961 Quum
586 914 724 967 igitur
742 914 961 957 videretur
979 913 1089 955 mihi
1110 914 1192 957 hoc
1212 915 1359 969 ipsum
1388 911 1625 955 desiderari
1646 913 1694 953 in

177 971 359 1024 Graecis,
395 972 518 1026 (licet
537 972 591 1013 de
610 970 765 1027 Ellipsi
786 970 942 1014 Graeoa
955 973 1050 1026 Jam
1071 972 1271 1026 quaedam
1290 971 1575 1014 tradidissent
1595 969 1694 1012 Viri

179 1031 314 1079 docti,
341 1033 394 1071 ut
422 1028 479 1072 H·
502 1029 756 1085 Stephanus
775 1029 823 1076 in
844 1028 883 1071 A
915 1029 1117 1086 pendice,
1147 1029 1351 1082 Glassius
1385 1029 1431 1071 in
1460 1027 1694 1070 Gramma-

178 1089 271 1130 tica
290 1086 427 1129 Sacra
446 1089 549 1143 etc.)
571 1086 689 1140 quo‘d
708 1087 884 1128 laudabl
906 1087 991 1130 iter
1010 1088 1056 1129 in
1082 1085 1256 1130 Latinis
1273 1086 1416 1130 fecere
1434 1085 1532 1129 Viri
1553 1086 1695 1128 erudi-

173 1145 355 1194 tissimi,
383 1142 642 1186 Franciscus
661 1143 867 1186 Sanctius
884 1146 932 1187 in
954 1144 1176 1194 Minerva,
1201 1149 1247 1187 et
1268 1145 1443 1200 Gasper
1460 1142 1697 1199 Scioppius

181 1203 231 1244 in
251 1201 556 1244 Grammatica
575 1201 939 1256 Philosophica⁸z
970 1215 1123 1246 curam
1155 1215 1300 1244 meam
1329 1208 1373 1244 et
1399 1202 1595 1244 studium
1614 1202 1699 1242 huc

180 1259 366 1307 contuli,
395 1262 447 1300 ut
481 1259 701 1313 ellipticas
732 1259 942 1312 loquendi
975 1260 1160 1308 formas,
1186 1274 1285 1314 quae
1305 1260 1413 1301 mihi
1435 1260 1483 1301 in
1502 1259 1701 1314 legendis

179 1315 444 1358 Auctoribus
466 1314 632 1358 Graecis
650 1316 957 1367 occurrebant,
979 1317 1162 1362 seorsim
1180 1318 1438 1361 adnotarem
1448 1318 1700 1373 diligenter,

182 1377 229 1416 et
250 1373 495 1428 supplendo
515 1373 758 1416 necessaria
778 1373 835 1415 ad
854 1374 1034 1428 plenam
1067 1378 1335 1421 structuram
1355 1374 1586 1424 referrem,
1606 1384 1701 1416 eas-

185 1431 390 1484 demque,
421 1430 500 1472 ubi
528 1432 727 1485 integras
743 1432 1035 1486 reperiebam,
1065 1433 1387 1488 sub'ungerem,
1416 1435 1630 1487 sequutus
1658 1433 1704 1473 in

186 1489 272 1532 hoo
301 1488 395 1530 fere
415 1488 615 1531 ordinem
642 1487 739 1532 Viri
771 1489 902 1531 modo
935 1490 1118 1544 laudati,
1205 1491 1367 1535 ancisci
1402 1489 1587 1544 Sanctii,
1616 1490 1704 1532 κατ’

187 1547 417 1601 ἀλφάβητον
449 1546 719 1602 disponendo
747 1560 891 1596 voces,
920 1561 1019 1603 quae
1050 1548 1347 1605 intelligendae
1378 1549 1705 1610 relinquuntur.

186 1603 262 1672 nd
282 1605 372 1646 haec
388 1604 436 1646 in
453 1605 729 1673 commodum
745 1606 995 1659 ¹juventutis
1015 1608 1241 1662 φιλέλληνος
1273 1607 1478 1650 subtexui
1499 1606 1707 1655 indicem,

188 1675 238 1705 ¹¹¹
247 1664 1485 1776 &uz’essffissnps‘ssa'xfflfiiffnffissssffi‘332232333331,
1521 1723 1709 1771 mutavi,

187 1778 378 1828 correxi,
408 1790 508 1832 quae
524 1779 571 1821 in
606 1780 756 1834 priore
769 1781 933 1823 omissa
958 1784 1038 1823 aut
1057 1781 1202 1823 minus
1234 1785 1435 1826 accurate
1453 1780 1573 1823 dicta
1590 1781 1713 1822 vide-

189 1836 367 1880 bantur,
398 1834 523 1890 Vale,
560 1835 668 1879 Ben.
691 1837 817 1894 Lect.
840 1841 886 1881 et
918 1839 1058 1882 labori
1091 1843 1258 1889 nostro,
1299 1841 1336 1882 si
1365 1839 1554 1891 videtur,
1589 1838 1708 1883 fave.

191 1892 368 1938 Dabam
391 1892 696 1951 Franequerae,
725 1895 871 1939 Nonis
890 1897 1035 1940 Juniis
1055 1910 1329 1942 oromccxn.

237 2026 262 2051 ι
281 2017 415 2051 Prodiit
427 2022 464 2069 9‘
477 2011 687 2069 zitt'aviae-in
702 2021 780 2052 8vo.
792 2019 897 2063 Gasp.
911 2020 1069 2066 Scioppii
1083 2023 1252 2059 Arcanum
1266 2020 1521 2069 grammaticum
1533 2023 1575 2058 de
1588 2020 1713 2069 ellipsi,

198 2070 278 2101 cua
290 2062 569 2102 adnotationibus
582 2062 674 2101 Phn-
684 2062 875 2101 Munokeri.
895 2065 1015 2102 Mica.
