1838 3164
152 139 239 181 216
686 154 878 189 ELLJPSIS
899 152 1133 189 ΝοΜιΝυΜ.

163 256 253 310 pla.
313 255 386 299 Sic
406 255 619 298 Horatius
639 257 716 300 lib.
738 259 769 299 i.
791 259 862 300 od.
883 256 1048 298 xxxvii.
1078 254 1120 297 5.
1150 250 1338 296 Antehac
1370 249 1494 308 nefas
1522 249 1669 307 depro-

165 326 275 355 mere
291 312 520 356 Caecubum.
579 313 688 357 Ibid.
706 330 795 357 ver.
821 315 884 356 14.

337 370 606 427 Mentemque
622 371 880 429 lymphatam
897 368 1135 414 Mareotico

338 428 521 486 Redegit
541 428 589 471 z'n
608 430 927 478 verostimores.

169 482 291 526 Idem
306 486 385 528 lib.
403 488 450 528 ii.
473 490 555 529 sat.
572 489 666 529 viii.
696 486 760 528 16.

337 542 623 593 -Αίόαᾶιιιφη,
649 543 875 592 Maecenas,
893 542 982 586 sive
995 540 1222 586 Falernum

354 600 410 643 Te
428 602 568 658 magis
588 600 795 658 adpositis
817 600 1006 644 delectat.

171 656 308 755 gddit
341 657 490 701 vinum
529 658 665 714 Epod.
705 660 768 701 ix.
803 658 874 700 34.
946 657 1035 700 Aut
1075 656 1184 701 Chia
1219 655 1335 703 vina,
1385 658 1460 698 aut
1507 649 1676 696 Lesbia.

208 729 386 758 onwan.

182 790 184 792 ·
233 772 260 798 ³*
294 780 324 798 ‘⁶
361 773 474 816 Plut.
509 772 565 815 V.
595 774 759 815 Anton.
798 772 867 816 59.
899 786 944 828 p.
984 773 1076 816 132.
1108 777 1139 815 t.
1178 773 1238 814 vi.
1287 768 1676 823 πίνειν-Φαιλερῖνον,

174 828 399 886 Aristoph.
440 831 556 873 Plut.
596 830 715 874 1022.
748 833 777 872 εἶ
805 830 948 873 Θάσιον
985 833 1136 886 ἐνέχεις·
1181 829 1255 871 sed
1289 826 1471 869 Lucian.
1503 826 1676 879 Amorr-

174 887 246 928 27.
267 902 313 942 p.
349 888 450 930 427.
479 894 510 931 t.
550 889 594 930 ii.
636 888 699 930 τὸν
727 887 870 930 Θάσιον
909 886 1010 931 οἶνον.
1063 887 1281 930 Theocrit.
1315 884 1438 938 Idyll.
1474 883 1571 925 xivf
1610 880 1678 923 15.

175 945 299 1001 α’νῷξα
340 946 378 987 δὲ
423 945 603 994 Βύβλινον
647 950 776 987 αὐτοῖς
815 945 947 988 εὐώδη·
991 945 1121 988 schol.
1153 943 1240 985 οἶνον
1275 941 1443 985 δηλονότι
1473 939 1679 996 Θρᾳκικὸν-

176 1000 294 1044 Plut.
317 1004 371 1045 V.
387 1002 579 1045 Demetr.
617 1004 651 1045 l.
671 1017 712 1058 p.
735 1003 777 1045 2.
802 1008 834 1046 t.
856 1005 915 1045 vi.
934 1001 1230 1044 πολὺν-πίνειν
1251 998 1456 1054 ἅκρατον.”
1487 995 1681 1038 Fischer.

177 1059 235 1099 ad
255 1059 435 1102 Weller.
458 1061 532 1102 iii.
554 1061 591 1102 1.
615 1074 660 1115 p.
675 1060 772 1103 260.
797 1060 927 1102 Plene
943 1058 1033 1102 οἶνος
1052 1059 1249 1115 Πράμνιος
1269 1055 1495 1110 Aristoph.
1520 1054 1684 1105 fragm.

176 1129 233 1156 ex
267 1118 420 1159 incert.
457 1119 639 1160 comoed.
668 1119 700 1160 i.
743 1118 959 1172 Agathias
984 1117 1078 1160 viii.
1108 1129 1218 1171 ver.⁴
1244 1113 1285 1155 6.
1317 1115 1418 1154 κεῖτο
1454 1110 1684 1167 χαλικρῆτῳ

174 1174 318 1223 νάματι
331 1173 553 1230 βριθομένη.
585 1175 788 1217 SCHAEF.

675 1250 701 1276 ³¹⁵
731 1247 900 1298 ΟΙΟΣ,
934 1245 1168 1295 QUALIS.

233 1312 356 1362 Quod
387 1315 512 1363 infra.
549 1314 604 1356 ad
648 1316 829 1357 verbum
859 1318 1023 1356 τοιοῦτος
1051 1324 1292 1360 monemus,
1334 1310 1381 1352 id
1418 1309 1552 1351 etiam
1590 1306 1684 1349 vice

177 1385 301 1413 versa
329 1372 382 1412 de
422 1385 526 1413 voce
570 1371 645 1413 οῖος
687 1372 1023 1413 observandum.
1082 1370 1199 1412 Nam
1243 1373 1287 1410 et
1328 1367 1438 1409 illud
1466 1365 1686 1408 omittitur

177 1442 292 1483 saepe
322 1429 442 1483 apud
473 1429 846 1484 Theophrastum,
877 1433 922 1470 et
954 1428 1057 1470 inde
1093 1428 1209 1481 regit
1243 1429 1309 1467 tot
1334 1424 1582 1466 Infinitivos
1605 1434 1685 1476 per

177 1486 352 1539 integra
371 1486 668 1529 characterum
698 1488 861 1541 capita,
881 1487 988 1540 quia
1009 1486 1227 1539 significat
1237 1495 1373 1540 posse.
1433 1481 1506 1522 Sic
1522 1492 1616 1534 cap.
1636 1478 1685 1519 ii.

176 1541 255 1584 Τὸν
285 1542 324 1583 δὲ
361 1545 510 1585 κόλακα
534 1545 708 1586 ’τοιοῦτόν
738 1561 820 1586 τινα
849 1543 927 1598 (sc.
961 1545 1145 1591 ὑπολάβοι
1177 1541 1220 1583 ἄν
1250 1543 1340 1592 τις),
1373 1539 1467 1581 ὥστε
1501 1535 1591 1591 (οἷόν
1626 1536 1687 1590 τε)

177 1601 421 1654 πορευόμενον
462 1601 551 1648 ἅμα
594 1603 722 1643 εἰπεῖν.
793 1602 1030 1656 Suppletur
1076 1603 1223 1641 autem
1267 1600 1348 1640 hoc
1398 1595 1526 1637 modo
1569 1607 1608 1635 c.
1632 1610 1635 1614 ·
1655 1593 1686 1634 i.

177 1657 444 1755 ΞοΗοΕΤΤο,
503 1657 702 1700 Fallitur.
748 1657 995 1700 Infinitivus
1015 1658 1089 1699 ille
1109 1657 1277 1710 regitur
1294 1668 1322 1696 a
1339 1653 1559 1710 particula
1574 1651 1685 1692 ὥστε.

214 1729 376 1757 GHAEF.

620 1774 646 1798 ἐ
676 1755 922 1820 ΟΙΣΤΟΣ,
952 1770 1231 1814 SAGITTA.

236 1836 287 1878 In
308 1838 385 1879 illa
406 1838 626 1879 locutione
643 1838 762 1892 apud
776 1836 995 1886 Tacticos‚
1020 1839 1110 1879 sive
1127 1833 1432 1879 Poliorcetieos
1454 1832 1690 1886 scriptores

181 1896 340 1950 Saepius
374 1895 520 1942 obvia,
562 1899 640 1936 τοῖς
682 1895 921 1950 πυροβόλοις,
960 1896 1161 1950 πυρφόροις
1205 1894 1382 1942 βάλλειν,
1430 1889 1694 1932 subauditur

181 1955 320 1993 ὀϊστοῖς
347 1954 415 1994 vel
445 1955 589 2000 βέλεσι,
627 1965 738 2005 quas
769 1965 896 1993 voces
932 1965 1046 2006 saepe
1075 1953 1212 1993 etiam
1242 1961 1470 2004 expressas
1510 1947 1688 1988 habent.

183 2009 257 2050 Sic
285 2009 525 2062 Thucydid.
554 2010 633 2051 lib.
672 2010 721 2050 ii.
758 2022 795 2050 c.
827 2008 898 2049 75.
936 2011 1137 2064 πυρφόροις
1157 2010 1293 2048 ὀΐστοῖς
1317 2003 1551 2054 βάλλεσθαι.
1611 2003 1692 2045 Ar-

182 2062 408 2108 rianus'de
428 2064 633 2121 Expedit.
656 2066 781 2107 Alex.
803 2067 880 2107 lib.
900 2066 948 2107 ii.
972 2081 1010 2108 c.
1047 2065 1111 2107 18.
1164 2065 1246 2106 *Ως
1276 2064 1380 2112 μήτε
1413 2062 1608 2117 πυρφόροις
1628 2062 1694 2108 βέ-

183 2131 284 2164 λεσιν
297 2123 373 2164 άπὸ
396 2127 461 2165 τοῦ
481 2124 637 2176 τείχους
656 2121 886 2172 βάλλεσθαι.
948 2122 1096 2164 Potest
1121 2126 1267 2164 tamen
1286 2121 1539 2173 frequenter
1557 2117 1694 2163 etiam

185 2181 434 2233 generalior
470 2193 555 2222 vox
588 2182 814 2234 μηχάνημα
851 2181 917 2221 vel
959 2184 1155 2228 σκεύασμοι
1208 2180 1255 2220 in
1306 2191 1360 2218 ea
1390 2175 1690 2227 subintelligi;

186 2243 238 2280 ut
259 2237 374 2293 πυρὸς
395 2239 573 2278 σκευασία
600 2243 668 2280 est
693 2238 811 2292 apud
843 2236 1026 2278 AEneam
1063 2236 1183 2279 Tact.
1211 2250 1250 2277 c.
1290 2235 1448 2276 xxxiii.
1480 2234 1693 2273 Scuwnn.

187 2294 503 2336 Wakefieldius
538 2294 645 2337 Silv.
674 2293 782 2336 Crit.
817 2295 880 2336 iii.
913 2308 957 2349 p.
985 2294 1079 2337 107.
1111 2307 1148 2336 s.
1177 2293 1282 2338 locis
1322 2288 1692 2343 illisThucydidis

186 2352 455 2405 Arrianique
489 2353 651 2401 citatis,
682 2357 907 2407 comparat
937 2365 991 2393 ex
1026 2349 1323 2406 Lycophronis
1356 2347 1479 2390 Cass.
1509 2360 1550 2388 v.
1589 2344 1693 2388 309.

188 2410 364 2465 πυρφόρῳ
382 2409 513 2458 βαλὼν
534 2409 637 2458 ἴϋγγι
657 2409 788 2459 τόξων.
821 2410 916 2457 ubi,
936 2410 1082 2451 nescio
1101 2422 1188 2463 quo
1207 2405 1505 2453 auctore,‘sed
1540 2404 1696 2445 melius

188 2468 388 2522 πυρφόρων
407 2466 515 2520 legit
534 2466 852 2508 Valckenarius
883 2465 1025 2521 Epist.
1057 2468 1112 2508 ad
1144 2465 1302 2507 Rover.
1333 2478 1377 2518 p.
1399 2475 1529 2505 xxxv.
1589 2459 1695 2502 Dio-

189 2525 322 2564 dorus
352 2522 548 2566 Sic.'XX.
582 2539 617 2566 c.
653 2523 723 2565 48.
753 2526 905 2565 πάντας
937 2522 1023 2565 τοὺς
1052 2526 1299 2580 πυρσοφόρους
1337 2521 1414 2562 ἀπὸ
1448 2524 1523 2561 τῶν
1555 2523 1694 2570 τειχῶν

190 2583 358 2633 ἀφέντες.
391 2581 447 2622 ad
466 2595 510 2635 q.
534 2584 564 2623 1.
594 2580 941 2634 Wesselingius:
976 2586 1005 2605 ‘⁶
1027 2580 1114 2622 τοὺς
1129 2580 1381 2636 πυρσοφόρους
1396 2576 1618 2631 adpellare
1632 2575 1695 2615 vi-

190 2639 319 2679 detur
337 2636 424 2679 τοὺς
453 2641 662 2694 «πυρφόρους
681 2637 841 2686 ὀϊστοὺς,
871 2639 1030 2692 quibus
1060 2637 1213 2691 Tyrios
1246 2637 1382 2677 fuisse
1399 2647 1516 2681 ,usos
1545 2631 1694 2672 Arria-

189 2708 272 2736 nus
293 2695 358 2735 ait
384 2696 465 2736 lib.
490 2697 537 2737 ii.
565 2709 616 2750 p.·
638 2694 705 2737 96.
741 2696 835 2749 ipse
867 2697 985 2738 infra
1005 2696 1057 2736 τοὶ
1075 2696 1258 2751 πυρφόροι1
1281 2698 1326 2734 et
1344 2695 1442 2741 βέλη
1464 2689 1638 2744 πυρφόρα
1657 2703 1695 2730 c.

189 2751 257 2793 89.
281 2751 351 2792 98.
373 2756 417 2793 et
435 2754 644 2808 πυρφόρους
664 2753 832 2794 vocat.’'
891 2753 1002 2794 Add.
1036 2753 1151 2794 idem
1186 2752 1241 2792 ad
1273 2763 1347 2791 xx.
1379 2763 1417 2790 e.
1455 2747 1524 2799 88.
1584 2743 1634 2786 In
1668 2746 1694 2788 ἦ

187 2810 375 2864 πυρφόρος
413 2811 756 2852 subaudiendum
787 2811 968 2863 μηχανή.
1028 2809 1249 2851 Diodorus
1288 2807 1372 2847 Sic.
1409 2805 1513 2848 xvii.
1549 2816 1587 2844 c.
1624 2800 1696 2843 44.

188 2870 274 2965 ἰδ-αῖς
302 2865 339 2907 δὲ
376 2869 570 2923 πυρφόροις
604 2868 765 2924 μύδρους
802 2869 996 2918 μεγάλους
1038 2866 1237 2924 διαπύρους
1269 2866 1482 2918 ἐπέβαλλον
1509 2879 1546 2904 κ,
1581 2877 1619 2911 τ.
1651 2867 1694 2901 λ.

224 2937 388 2968 GHAEF.
