1838 3164
458 121 797 179 ,PIAEONAsm
820 122 1314 165 conNcnoNUM.
1595 115 1675 160 125

153 241 256 283 dam
273 242 476 296 exempla
499 242 662 283 .lieebit
681 240 856 281 addere.
918 236 1033 280 Plat.
1054 239 1101 278 in
1120 237 1290 279 Theaet.
1324 236 1410 276 vol.
1429 235 1479 277 ii.
1499 247 1544 290 p.
1573 233 1669 276 172.

152 299 289 348 fid‘naet
305 299 376 348 μὲν
392 300 463 342 τὴν
482 297 781 352 ψῡχῆύμωδὲν,
800 298 981 347 &runicus
997 295 1039 337 δὲ
1057 297 1188 336 πάντα
1204 307 1215 333 z
1247 292 1361 348 quod
1373 291 1543 334 animus
1560 291 1672 334 nillil

153 355 279 404 sciat,
299 355 450 399 omnia
463 355 655 411 ignoret.
716 355 775 397 Et
793 357 841 397 in
863 353 1047 396 Conviv.
1069 353 1156 393 vol.
1178 364 1225 392 x.
1256 364 1301 404 p.
1321 350 1413 391 184.
1447 352 1584 398 ὁμοίως
1601 351 1675 398 μὲν

157 411 324 463 ἀγαθὸν,
347 415 482 462 ὁμοίως
493 414 532 454 δὲ
555 414 783 454 raanan-lov.
845 411 970 454 Adde
1001 408 1322 463 Xenophontea
1359 405 1461 460 Cyri
1496 406 1617 450 Disc.
1642 409 1672 448 i.

156 470 203 520 4.
230 470 267 512 l.
288 475 337 513 et
354 485 391 513 s.
405 471 483 513 vii.
503 470 549 518 2,
577 469 644 512 19.
678 468 798 512 Hist.
823 469 904 512 Gr.
936 469 993 512 vi.
1033 466 1172 517 5,‘41.9.
1193 466 1269 508 vii.
1289 465 1335 514 4,
1355 464 1438 508 36.
1461 463 1600 507 Mem.
1621 466 1667 506 ii.

157 527 202 581 2,
216 527 261 572 4.
289 528 460 572 Vid.'et
477 541 571 581 seq.
588 526 680 570 TE.
701 527 750 570 S.
771 527 814 569 2.
1182 528 1185 531 “

873 608 963 652 TE.
1031 588 1037 597 '

196 691 381 745 --Misere
410 693 610 735 habitam
640 693 755 735 hanc
786 692 987 735 voculam
1022 690 1219 732 homines
1251 689 1403 732 Graece
1436 690 1555 733 docti
1585 692 1676 734 fere

160 753 289 799 omnir
300 752 394 794 vita
414 753 636 806 privatam
655 752 897 793 voluerunt.
955 747 1146 790 Infinitis
1178 749 1299 789 enim
1317 749 1426 790 locis
1456 749 1677 792 finxerunt

159 821 256 851 esse
283 822 671 864 supervacaneam.
733 808 976 862 Gregorius
1006 808 1153 848 minus
1188 806 1357 860 inique,
1393 806 1470 858 qui
1502 811 1677 849 tantum

156 866 209 908 »in
227 865 368 909 Jonas
390 868 473 908 hoc
491 867 675 908 confert.
735 865 795 907 Τὸ
820 864 921 915 ΔΕ,
952 866 1114 917 inquit,
1135 863 1332 918 πλεονάζει
1350 865 1439 918 παρ’
1461 866 1593 905 αὐτοῖς
1611 865 1677 905 καὶ

160 926 359 980 παρέλκει.
412 923 638 977 ‘HpcSBoz-os·
673 930 702 948 “
728 925 852 965 ἐπείτε
874 923 1039 971 ἐγένοντο
1060 922 1234 968 ταῦτα,”
1250 920 1334 961 ἀντὶ
1354 926 1422 963 τοῦ
1439 921 1518 962 ἐπεὶ
1540 923 1677 971 ἐγένον-

162 997 223 1022 το.
282 980 374 1024 Iad.
396 983 436 1038 ξ.
456 981 527 1022 24.
564 981 756 1023 Κοὲηἰιιε
777 982 838 1022 ibi
861 981 990 1027 nihil,
1006 978 1122 1021 unde
1143 978 1314 1032 aliquid
1333 979 1548 1032 proficias.
1580 976 1678 1021 Mo-

163 1044 239 1082 net
258 1043 451 1088 tantum,
473 1045 573 1093 post
592 1040 663 1080 οῗον
681 1040 728 1080 in
747 1039 863 1079 οἷόντε
879 1042 1107 1079 vacantem
1130 1037 1242 1078 hanc
1258 1037 1457 1078 voculam
1473 1038 1679 1090 attigisse

164 1096 430 1151 Dorvillium
451 1098 507 1138 ad
527 1096 829 1144 Charitonem‚
858 1097 935 1149 qui
968 1097 1011 1136 in
1047 1095 1148 1136 aliis
1182 1095 1224 1135 ei
1260 1095 1517 1148 pleonasmo
1546 1096 1681 1136 nimis

167 1156 371 1198 videatur
392 1156 631 1208 indulgere.
693 1153 800 1196 Haec
818 1155 952 1204 verba
984 1153 1091 1205 quid
1112 1151 1196 1193 sibi
1217 1153 1369 1200 velint,
1391 1164 1521 1193 nemo
1550 1153 1681 1195 facile

166 1218 439 1266 assequetur,
471 1214 558 1254 nisi
580 1213 776 1266 perlecta
808 1211 1015 1252 Dorvillii
1036 1210 1347 1263 disputatione.
1407 1207 1451 1251 Is
1471 1209 1527 1250 ad
1557 1210 1680 1261 iwffl.

111 1304 116 1305 ν
163 1270 267 1324 init.
288 1272 395 1313 locis
410 1271 675 1324 quibusdam
694 1270 940 1311 difficilibus
959 1266 1199 1322 propositis
1218 1270 1297 1308 aut
1315 1267 1497 1308 rescribi
1516 1269 1612 1309 vult
1634 1285 1681 1316 1γε

168 1342 251 1382 pro
270 1345 330 1376 τε,
360 1333 436 1370 aut
455 1329 576 1369 aliud
594 1327 701 1379 quid
728 1327 915 1368 mutari:
948 1325 1091 1367 sedin
1126 1325 1270 1366 verbis
1301 1323 1573 1373 Chai-imnis,
1594 1325 1682 1369 ἐδή-

169 1394 268 1426 λωσε
281 1386 334 1426 τά
355 1403 398 1426 τε
417 1387 688 1439 πεπραγμένα,
710 1385 877 1425 medias
908 1383 1084 1424 voculas
1106 1384 1420 1436 interpretatur
1450 1381 1514 1422 καὶ
1535 1382 1604 1429 τὰ,
1634 1387 1686 1424 ut

168 1443 225 1487 τά
254 1460 298 1484 τε
312 1458 358 1484 τι.
387 1444 448 1484 sit
478 1440 610 1483 etiam
628 1440 774 1498 factat
833 1439 916 1481 Sed
948 1444 1078 1481 tum:
1110 1445 1139 1463 “
1162 1438 1236 1479 Sic
1269 1439 1317 1479 in
1351 1438 1468 1479 οἷόντε
1501 1444 1546 1481 et
1579 1440 1683 1481 aliis

173 1505 211 1528 “v
233 1501 454 1543 abundare
481 1499 701 1541 videtur.’'
761 1497 847 1539 His
877 1498 1078 1551 adjectis,
1116 1497 1289 1551 opinor,
1321 1496 1555 1548 signifieat,
1575 1498 1684 1539 etin

173 1556 285 1602 οἵὰντι
323 1557 396 1612 (de
427 1570 515 1610 quo
549 1560 649 1611 post
682 1556 725 1597 S.
757 1555 823 1610 4.)
855 1560 900 1596 et
941 1556 987 1597 in
1021 1556 1122 1596 aliis
1155 1554 1247 1594 vim
1280 1554 1473 1606 aliquam
1516 1560 1571 1611 τῷ
1607 1552 1685 1595 ΤΕ

174 1616 335 1664 inesse,
355 1627 625 1668 quamquam
644 1614 816 1654 dicatur
837 1613 1077 1653 abundare.
1136 1610 1223 1652 Sed
1253 1610 1424 1652 Ko‘enio
1439 1612 1599 1664 --placet
1618 1625 1686 1653 so-

172 1686 256 1715 nus
275 1686 452 1728 prorsus
472 1673 617 1712 inanis
635 1686 646 1711 z
675 1674 719 1711 et
737 1671 954 1723 significat
974 1670 1090 1710 haud
1119 1669 1269 1716 dubie,
1298 1667 1564 1711 Dorvillium
1582 1670 1685 1711 sim·

173 1731 350 1786 pliciter
369 1731 514 1772 dicere
533 1728 753 1776 debuisse,
774 1745 816 1767 τε
836 1728 967 1782 plane
985 1739 1079 1767 esse
1098 1727 1303 1766 otiosum.

238 1788 283 1830 1.
305 1787 394 1830 Sed
413 1787 710 1842 praeeuntibus
730 1786 847 1831 aliis,
882 1784 1155 1835 maximeque
1174 1782 1467 1836 Hoogeveeno
1498 1781 1694 1827 Zeunius

177 1846 233 1887 ad
251 1844 402 1899 Vigeri
424 1846 585 1887 librum
605 1844 656 1884 de
674 1842 801 1884 Idiot.
825 1842 904 1883 Gr.
940 1842 983 1882 d.
1005 1841 1210 1892 ostendit,
1241 1858 1281 1880 τε
1310 1853 1528 1893 nusquam
1559 1842 1692 1896 plane

178 1904 417 1954 abundare,
459 1916 555 1952 uec,
586 1901 703 1954 quod
735 1901 867 1953 vulgo
904 1900 1136 1954 putabant,
1173 1900 1342 1939 numeri
1372 1899 1520 1950 gratia
1551 1901 1690 1953 poni;

176 1962 346 2014 *ubique
360 1965 508 2002 autem
529 1961 620 2001 vim
650 1958 883 2012 copulandi
914 1958 1091 2002 habere,
1122 1956 1205 1998 etsi
1237 1957 1454 2010 permulta
1472 1957 1562 1997 sint
1580 1958 1690 2007 loca,

180 2019 407 2071 iniquibus
429 2019 472 2059 id
506 2018 661 2072 copula
681 2014 779 2056 Lat.
802 2021 844 2056 et
875 2014 997 2066 reddi
1034 2018 1234 2066 nequeat.
1297 2011 1446 2066 Magis
1481 2016 1614 2056 etiam
1647 2017 1691 2056 id

179 2077 455 2121 ‚confirmavit
473 2074 755 2116 Hermannus
775 2074 974 2127 pluribus
994 2072 1101 2113 locis
1130 2070 1452 2123 Tragicorum.·
1487 2071 1562 2114 Sic
1590 2085 1695 2125 ergo

184 2135 282 2176 sine
311 2134 588 2175 dubitatione
625 2130 906 2172 statuendum
945 2134 1024 2171 est.
1094 2126 1143 2168 Id
1176 2130 1355 2182 jamrex
1379 2142 1432 2169 eo
1466 2131 1698 2183 probabile

178 2193 265 2241 fit„
290 2192 409 2244 quod
442 2196 667 2243 tamquam
706 2188 914 2242 principii
953 2189 1048 2229 loco
1077 2199 1242 2240 ponere
1280 2185 1487 2228 debemus
1526 2205 1569 2228 τε
1609 2201 1698 2230 esse

180 2248 374 2299 ‚ma-z'ime
401 2255 643 2303 poetarum,
677 2245 740 2286 καὶ
772 2251 998 2300 ceterorum
1021 2243 1285 2300 scriptorum.
1342 2242 1444 2284 Jam
1475 2257 1575 2286 cum
1603 2249 1699 2287 tam

186 2308 418 2360 multiplex
434 2307 565 2360 hujus
582 2305 644 2345 καὶ
665 2305 723 2345 sit
746 2303 1028 2356 significatio,
1038 2315 1178 2354 eaque
1196 2302 1314 2343 clara
1334 2305 1378 2342 et
1397 2303 1697 2351 ὁμολογουμένη,

187 2366 266 2407 ubi
298 2365 344 2406 id
376 2377 523 2406 rerum
554 2362 810 2416 simpliciter
843 2360 1187 2415 copulandarum
1220 2371 1354 2400 causa
1382 2371 1468 2400 non
1499 2361 1699 2414 positum

189 2427 275 2470 est,
295 2438 338 2462 τε
359 2423 467 2463 item
487 2420 767 2475 quaerendum
789 2421 890 2466 erit,
911 2417 1127 2471 quomodo
1147 2418 1288 2470 possit
1317 2417 1542 2470 explicari.
1603 2417 1697 2460 Pri·

189 2493 263 2522 mo
282 2483 427 2520 autem
443 2481 559 2527 μάλα
589 2495 631 2518 τε
660 2478 794 2530 plane
814 2481 882 2517 est
903 2477 933 2517 i.
956 2488 998 2528 q.
1020 2475 1082 2515 καὶ
1111 2476 1239 2523 μάλα.
1299 2471 1401 2514 Vid.
1439 2472 1549 2515 ΚΑΙ
1583 2474 1627 2516 S.
1650 2476 1694 2517 8.

188 2535 314 2579 Iliad.
350 2535 402 2577 A.
433 2536 530 2577 218.
582 2533 667 2576 “Os
698 2551 738 2574 κε
771 2533 870 2575 θεοῖς
899 2530 1159 2582 ἐπιπείθηται,
1189 2533 1303 2579 μάλα
1330 2533 1365 2571 τ’
1399 2532 1531 2573 ἔκλυον
1562 2538 1695 2575 αὑτοῦ.

190 2594 426 2649 Perperam
463 2597 640 2635 vertunt
682 2592 906 2633 nonnulli:
966 2588 1172 2645 Quisquis
1209 2583 1295 2631 'diis
1334 2584 1698 2646 obtemperaverit,

191 2651 319 2695 illum
353 2664 518 2708 quoque
549 2648 672 2691 valde
702 2647 952 2691 exaudiunt.
1011 2645 1128 2688 Nam
1149 2645 1271 2688 illum
1294 2659 1458 2702 quoque
1488 2653 1554 2690 est
1587 2649 1616 2688 i.
1650 2663 1697 2702 q.

190 2716 353 2766 praeter
373 2711 484 2751 alios
501 2709 636 2750 etiam
672 2708 800 2748 hunc.
859 2706 944 2748 Sed
976 2706 1143 2752 volunt,
1173 2709 1224 2745 ut
1253 2706 1427 2759 opinor,
1457 2705 1539 2746 hoc
1570 2718 1700 2747 sensu

192 2770 352 2823 accipi,
374 2781 461 2823 quo
482 2780 561 2808 nos
591 2770 615 2790 “
637 2764 719 2806 den
733 2764 860 2806 hiiren
872 2762 935 2806 sie
960 2761 1068 2804 auch.
1093 2758 1270 2820 daffir'’'
1284 2766 1328 2804 et
1348 2760 1464 2803 GaJl.
1494 2761 1550 2804 ils
1570 2776 1700 2804 exau-

183 2833 286 2869 'cent
302 2840 355 2868 en
370 2823 572 2867 revanclze
588 2836 636 2865 sa
658 2821 817 2879 priere.
877 2821 965 2863 Sed
983 2825 1034 2884 tu
1056 2820 1118 2862 sic
1148 2819 1296 2874 potius
1325 2825 1470 2862 verte:
1505 2818 1595 2866 Qui
1612 2819 1703 2862 diis

186 2883 463 2941 obtemperat,
491 2881 611 2923 illius
640 2892 784 2936 preces
815 2879 881 2921 vel
898 2891 1084 2923 maoezme
1103 2883 1219 2921 ratas
1241 2875 1392 2920 habere
1416 2876 1565 2920 solent.
1626 2877 1700 2921 Cf.

193 2943 386 2987 maxime
405 2939 514 3008 ΚΑΙ
551 2938 598 2982 S.
619 2937 662 2982 8.
1581 2953 1586 2961 ‹
