1838 3164
498 130 816 179 PLEONASMI
841 132 1270 177 ADVERBIORUM.
1582 131 1634 174 91

127 249 373 303 significata
380 249 463 293 hoc
473 250 683 294 declarari
702 252 828 304 puto,
841 244 957 290 nihil
970 247 1206 305 quidquam
1224 249 1322 291 illos
1335 248 1496 291 habere
1507 251 1577 290 etc
1587 248 1614 275 ¹*
1626 279 1636 290 .

127 306 279 350 Sicubi
298 312 365 350 ter
380 310 572 364 positum
595 306 638 350 ἄν
654 308 817 349 eadem
838 307 884 348 in
905 307 1121 348 sententia
1154 308 1386 360 reperitur,
1417 308 1535 348 locus
1563 306 1638 348 de-

128 364 252 408 bebit
271 374 366 408 esse
400 369 652 422 suspectum
683 366 798 407 sicut
829 365 919 412 ille,
954 372 1082 417 quem
1114 362 1312 417 Hoogev.
1345 365 1401 405 ad
1422 363 1525 417 Vig.
1546 365 1637 406 viii.

125 421 170 472 3,
197 421 295 464 Le.
322 421 504 466 Platone
537 424 704 466 attulit.
765 420 883 464 Nam
918 426 962 463 et
990 422 1223 463 obscurum
1252 424 1298 463 et
1316 422 1522 463 inscitum
1543 422 1639 463 vix-

127 487 214 533 que
265 480 447 523 auribus
485 481 738 524 Groecorum
792 480 1022 521 tolerabile
1060 479 1234 522 videtur
1271 483 1324 535 τῇ
1362 484 1552 535 ’γεωργικῇ
1591 478 1638 520 ἂν

127 537 324 593 χρώμενος
341 537 386 580 ἂν
405 541 544 595 τέχνῃ.
572 537 769 580 Tertium
790 543 939 579 autem
958 535 1002 579 ἂν
1020 537 1082 579 ibi
1095 538 1289 593 pertinet
1308 536 1363 578 ad
1382 537 1518 579 aliam
1538 548 1638 579 sen-

126 595 327 638 tentiam.

184 669 190 674 “
235 666 240 674 ’
386 679 470 724 ΑΥ
488 679 624 737 (post.
645 682 825 739 ΑὙΤΕ)
845 687 889 727 et
906 681 1099 726 ΑΥΘῙΣ
1119 696 1156 724 s.
1179 680 1381 725 ΑΎΤΙΣ.

159 752 291 798 -Ha-ac
307 756 576 810 pleonastice
596 759 700 812 poni
721 759 881 806 solent,
898 770 987 799 non
1006 757 1101 799 sine
1119 758 1348 811 gravitate.
1407 756 1562 812 Odyss.
1581 757 1634 800 Γ.

129 811 317 855 ΙθῙ.’ἑτὶ
351 813 516 869 δεύτερον
545 813 667 856 αὖτις.
727 815 952 871 Aristoph.
993 814 1108 856 Nub.
1140 814 1240 857 971.
1280 814 1329 856 αὖ
1351 817 1485 856 .ωα’λιν
1523 814 1636 857 αὖθις

125 867 253 912 Max.
286 869 386 924 Tyr.
421 885 494 913 xv.
544 872 588 914 3.
627 875 748 914 πάλιν
782 871 844 915 αὖ.
909 873 1033 914 Adde
1051 871 1176 914 Iliad.
1216 871 1265 914 B.
1302 872 1371 915 76.
1402 873 1634 928 Aristoph.

124 924 240 969 Plut.
263 927 361 970 860.
423 928 626 985 Xenoph.
651 930 709 972 H.
731 931 812 973 Gr.
835 931 901 972 iii.
923 931 966 978 5,
986 928 1055 971 21.
1104 930 1289 972 Conviv.
1306 931 1384 972 vii.
1413 931 1450 972 l.
1471 934 1517 973 et
1537 932 1631 973 viii.

130 985 166 1026 l.
226 985 294 1027 De
329 998 459 1028 sensu
494 990 539 1028 et
578 1000 659 1030 usu
708 989 863 1031 horum
896 1002 1022 1044 paene
1058 990 1196 1042 pudet
1242 988 1415 1041 aliquid
1461 989 1638 1040 addere,

122 1045 359 1097 postquam
391 1047 483 1086 tam
517 1047 694 1100 copiose
723 1047 778 1088 de
809 1044 897 1088 illis
930 1047 1013 1088 viri
1044 1046 1197 1088 Graece
1215 1046 1461 1088 doctissimi
1492 1045 1637 1090 Deva-

124 1101 235 1149 rius,
257 1099 538 1155 Hoogeveen‚
559 1104 725 1158 aliique
745 1108 941 1158 egerunt.
1002 1103 1089 1145 Sed
1103 1110 1252 1147 tamen
1271 1105 1479 1158 quoniam
1499 1105 1643 1147 etiam.

123 1158 179 1200 de
217 1161 448 1213 particulis
487 1161 657 1213 aliquid
694 1162 856 1204 audere
892 1163 1123 1217 coepimus‚
1157 1176 1213 1204 ne
1251 1163 1418 1218 pudore
1455 1163 1637 1216 quidem
1671 1163 1687 1171 '⁴

123 1215 229 1257 victi
249 1227 341 1258 rem
373 1219 624 1260 inchoatam
658 1220 928 1274 abjiciemus.
987 1218 1035 1262 Si
1070 1221 1148 1262 illa
1179 1225 1328 1268 aetate,
1357 1233 1447 1274 qua
1477 1218 1637 1272 Graeci,

121 1283 231 1326 quos
258 1275 485 1324 habemus,
518 1277 751 1331 scriptores
777 1279 997 1326 vixerunt,
1018 1279 1200 1334 propria
1229 1279 1296 1320 vis
1326 1279 1479 1320 harum
1498 1279 1639 1332 parti·

121 1331 317 1374 cularum
340 1334 405 1374 ita
423 1334 584 1375 fuisset
602 1335 853 1383 obliterata,
883 1336 994 1377 nihil
1014 1340 1066 1378 ut
1084 1348 1159 1378 eas
1179 1349 1347 1385 omnes,
1376 1336 1462 1378 nisi
1488 1347 1637 1379 rursus

120 1388 331 1443 putarent
365 1391 629 1444 significare,
678 1394 821 1434 rarius
853 1406 927 1434 eas
967 1390 1084 1435 haud
1122 1393 1257 1436 dubie
1287 1394 1637 1447 conjunxissent.

121 1445 210 1488 Sed
229 1444 279 1488 αὖ
308 1451 378 1490 est
410 1454 569 1490 contra.
629 1448 679 1490 Id
716 1450 917 1492 defendit
954 1450 1171 1493 Devarius
1199 1455 1244 1493 et
1277 1452 1422 1493 firmat
1458 1449 1635 1505 Hooge-

121 1514 245 1556 veen,
281 1516 548 1559 quamquam
586 1508 657 1548 hic
688 1520 776 1549 non
813 1509 933 1550 clare
967 1510 1141 1558 statuit,
1170 1508 1359 1564 primam
1392 1509 1505 1550 hanc
1537 1520 1634 1551 esse

122 1562 500 1615 significationem.
575 1562 740 1607 Praeter
787 1565 986 1608 Platonis
1029 1568 1125 1608 loca
1167 1565 1472 1622 Xenophontis
1520 1567 1638 1609 hunc

125 1619 276 1668 habet,
297 1618 398 1675 Cyri
420 1620 542 1663 Disc-
564 1623 631 1663 iii..
659 1623 696 1670 1,
730 1621 801 1664 26.
832 1628 877 1664 et
895 1624 1140 1675 clariorem,
1176 1625 1224 1665 ii.
1245 1623 1290 1672 2,
1310 1623 1383 1666 28.
1443 1623 1530 1667 Sed
1549 1625 1636 1666 cla-

122 1679 213 1719 rior
230 1679 367 1720 etiam
385 1684 454 1721 est
474 1676 610 1720 Conv.
631 1680 691 1720 iv.
713 1679 781 1721 52.
842 1680 976 1722 Plura
994 1682 1128 1723 etiam
1149 1694 1203 1723 ex
1223 1682 1324 1723 aliis
1344 1682 1634 1737 scriptoribus

122 1736 405 1836 suppeditare
437 1738 569 1779 facile
599 1742 729 1779 esset.
787 1735 876 1779 Res
906 1744 1024 1780 certe
1045 1740 1234 1780 multum
1253 1739 1449 1781 diversas
1469 1739 1635 1795 ubique

117 1794 155 1835 si
235 1795 350 1836 fleat.

155 1803 305 1893 8255oe
322 1856 390 1894 est
411 1851 577 1896 diverso
596 1859 792 1911 tempore,
825 1853 1065 1912 insequenti
1084 1868 1256 1910 nempe,
1291 1855 1410 1908 quod
1442 1855 1502 1896 sit
1527 1866 1636 1909 prae-

122 1909 235 1950 senti
262 1911 450 1964 tempori
481 1912 608 1964 quasi
642 1914 907 1967 oppositum.
968 1912 1085 1954 Nam
1120 1914 1202 1954 est-i
1237 1926 1324 1956 non
1350 1916 1422 1954 est
1451 1914 1635 1968 prorsus

33 1965 38 1971 '
123 1967 452 2016 ἐναντιωματικὸν,
497 1972 646 2011 tamen
682 1975 733 2011 ut
771 1969 1110 2026 ἀντιπαξαῦετικὸν
1147 1970 1279 2024 hujus
1317 1972 1458 2012 vicem
1497 1974 1647 2014 tenet..

123 2022 302 2066 Scilicet
320 2030 375 2082 τῷ
407 2023 486 2073 Aa,
516 2040 544 2068 a
574 2034 663 2081 quo
682 2028 868 2078 ducitur,
897 2028 1103 2082 adJuncta
1136 2033 1203 2070 est
1234 2028 1416 2082 syllaba,
1447 2029 1518 2071 cui
1552 2026 1633 2071 tri·

121 2080 313 2124 buerunt
342 2083 433 2124 vim
457 2086 685 2139 temporis.
747 2085 833 2127 Sed
862 2089 1011 2127 tamen
1031 2090 1077 2127 et
1094 2086 1148 2128 de
1168 2087 1254 2127 loci
1283 2087 1428 2139 spatio
1462 2087 1507 2131 in
1533 2098 1635 2128 con-

122 2140 310 2181 trariam
376 2145 514 2182 artem
535 2147 715 2196 patente
736 2145 941 2191 occurrit,
960 2147 1011 2185 ut
1040 2142 1167 2185 Iliad.
1206 2143 1262 2185 A.
1297 2142 1635 2187 446.-Poetica

122 2192 215 2237 abre
232 2200 283 2238 et
300 2152 409 2239 «ιδ-ξιι-
429 2212 555 2240 sensu
578 2213 663 2241 non
685 2201 894 2242 differunt
914 2201 970 2242 ab
989 2198 1038 2241 αὖ
1055 2206 1100 2242 et
1120 2200 1245 2243 αὖθις.
1305 2199 1435 2242 Iliad.
1471 2199 1506 2242 I.
1534 2199 1632 2244 135.

120 2254 350 2308 particulas
368 2257 511 2298 αὐτίκα
531 2259 771 2313 opponitur
801 2257 920 2299 αὖτεε
950 2272 1031 2313 pro
1048 2269 1136 2311 quo
1161 2260 1196 2300 f.
1222 2260 1306 2312 leg.
1329 2256 1452 2306 αὖτις,
1483 2271 1636 2312 quam-

121 2321 254 2363 quam
275 2317 320 2354 et
340 2311 558 2356 Pindarus
577 2316 693 2357 dixit
726 2315 850 2370 Pyth.
873 2316 935 2357 iii.
979 2316 1073 2358 172.
1106 2319 1140 2358 ἐν
1161 2316 1195 2356 δ’
1226 2314 1318 2356 αὖτε
1352 2317 1493 2373 χρόνῳ,
1524 2315 1633 2358 ime-

124 2368 275 2429 qudmi
291 2380 386 2412 vero
407 2377 602 2428 tempore.
661 2372 746 2414 Pro
767 2371 877 2415 αὖθις
905 2373 1204 2415 Callimachus
1234 2374 1370 2415 etiam
1397 2375 1633 2428 aliquoties

123 2428 275 2480 posuit
295 2425 402 2477 αὖθι,
435 2431 655 2484 analogia,
674 2435 725 2472 ut
744 2435 919 2486 putant,
943 2436 1236 2486 repugnante,
1257 2432 1364 2485 quia
1382 2434 1637 2475 terminatio

125 2482 167 2525 &a
198 2484 339 2526 locum
375 2486 558 2535 indicat,
588 2494 638 2530 ut
661 2487 751 2530 αὖθι
788 2489 852 2531 sic
880 2490 1039 2531 debeat
1072 2502 1167 2531 esse
1187 2491 1219 2531 i.
1242 2502 1284 2542 q.
1306 2487 1472 2537 αὐτόῦις
1503 2488 1632 2533 Iliad.

125 2541 178 2583 K.
198 2540 301 2590 209,
322 2541 421 2584 410.
444 2547 490 2584 et
507 2545 631 2586 alibi.
693 2545 794 2587 Vid.
817 2544 1043 2588 Bentleius
1076 2547 1131 2588 ad
1161 2545 1340 2588 Gallim.
1367 2545 1636 2601 Fragmenta

122 2600 179 2641 ab
200 2600 297 2654 ipso
316 2601 496 2643 collecta
524 2601 621 2658 285.
681 2603 767 2645 Sed
795 2605 1014 2646 lubricum
1033 2610 1100 2646 est
1120 2605 1175 2646 de
1202 2606 1366 2646 talibus
1397 2605 1632 2657 judicium.

123 2656 235 2756 Οὲὲιη
265 2662 309 2699 et
344 2657 440 2716 ἄχρι
468 2663 513 2700 et
533 2658 648 2716 ἄχρις
665 2660 854 2711 dicatur,
883 2662 988 2704 fort.
1010 2666 1056 2704 et
1089 2659 1181 2703 αὖθι
1215 2667 1332 2705 recte
1364 2663 1450 2704 dici
1488 2665 1634 2718 potuit

121 2733 170 2756 w
200 2733 246 2758 15.

179 2770 312 2816 Πάλιν
346 2775 453 2830 quid
488 2775 664 2830 proprie
700 2775 809 2817 mihi
841 2777 1041 2820 videatur
1074 2791 1186 2827 esse,
1218 2779 1410 2822 breviter
1447 2777 1540 2821 dixi
1576 2781 1634 2825 ad

168 2922 191 2944 ⁴
212 2923 340 2967 scripsi
369 2925 386 2959 ἢ
414 2939 454 2963 τι,
487 2936 552 2959 non
579 2925 597 2961 ἦ
624 2927 658 2958 τί
675 2932 733 2960 aut
760 2926 777 2961 ἦ
806 2927 848 2958 τί.
914 2934 994 2971 tum,
1020 2941 1085 2963 non
1101 2929 1396 2972 interrogativum5
1415 2937 1448 2963 et
1471 2932 1570 2966 verba
1584 2933 1634 2966 sie

127 2967 211 3005 Nam
236 2981 266 3000 τι
287 2969 333 3002 ob
356 2980 425 3018 seq.
449 2984 484 3015 ys
506 2977 589 3015 puto
603 2983 674 3005 esse
693 2971 847 3006 indefini-
911 2985 982 3007 esse
996 2975 1170 3018 capienda,
1193 2981 1227 3008 ut
1239 2975 1266 3009 si
1280 2975 1493 3011 antecesserit
1506 2976 1632 3022 πότερον.
