1838 3164
127 126 216 172 232
686 139 884 176 ELLIPSIS
904 135 1139 174 ΝοΜιΝυΜ.

132 240 220 284 tica
238 239 363 298 virgo
383 240 490 285 Cum
518 240 648 286 sacris
673 241 849 287 Cereris.
907 240 958 284 In
972 239 1190 284 Ἓστιοίδες.
1230 234 1429 280 Vestales.
1454 233 1659 279 Ἐλλιπῶς

136 300 272 343 habet
291 300 499 355 Synesius
522 303 641 357 apud
677 302 860 343 Suidam
881 302 926 342 in
953 313 995 342 v·
1013 297 1228 341 Ἑστιαίδες.
1286 295 1418 338 Plene
1439 299 1508 336 est
1541 294 1662 350 apud

134 356 317 413 Dionys.
342 358 489 401 Halic.
513 360 591 401 lib.
615 360 661 402 ii.
682 373 728 415 p.
767 359 861 401 125.
895 358 1180 400 Plutarchum
1217 358 1261 397 et
1298 355 1407 395 alios
1439 351 1661 394 Romana-

134 429 236 459 rum
268 430 415 459 rerum
436 419 684 471 scriptores.
708 447 709 450 η
748 415 929 473 [Suidas
950 420 981 458 t.
1003 417 1051 458 ii.
1072 429 1118 470 p.
1151 414 1246 456 633.
1279 413 1350 453 τοὶς
1378 427 1420 452 τε
1451 408 1663 454 Ἑστιάδας

136 473 352 530 παρθένους
371 479 438 516 τοῦ
456 474 576 530 πυρὸς
587 475 650 518 καὶ
664 475 800 518 ὕδατος
817 476 1035 524 ἐπιμέλειαν
1053 474 1156 529 ’ἔχειν
1170 469 1421 527 προέτρεψεν.
1439 465 1663 532 SqHAEF]

135 529 190 573 In
211 532 438 574 Comoedia
458 532 712 587 Apollodori
738 531 1080 586 Ἐπιδικαζομένη,
1122 529 1256 586 Virgo
1284 525 1566 584 injudiczum
1591 537 1664 567 vo-

137 595 251 640 cata,
282 602 416 644 quam
433 588 664 634 Terentius
683 592 731 633 in
751 590 1016 633 Phormione
1036 589 1266 645 expressit.
1299 586 1516 627 ScHwEn.

747 683 770 709 '¹⁵
800 681 1060 725 ΠΑΡΙΩΝ.

200 762 363 808 Deficit
380 766 428 809 in
441 768 512 811 τῆς
526 769 650 811 αὐτῆς
666 766 763 810 ὁδοῦ.
792 767 882 808 vid.
906 765 1218 808 casaubonum
1239 761 1295 804 ad
1314 758 1668 825 Theophrastum

140 834 186 878 p.
223 822 296 865 72.
333 820 439 868 ed‘it.
478 823 619 878 Lugd.
651 826 822 867 LEISN.
877 823 979 867 Non
1019 820 1131 877 opus
1158 821 1215 862 ad
1254 820 1375 862 illam
1402 820 1670 860 locutionem

143 881 374 924 subaudiri
407 884 699 939 participium
727 884 906 939 παςιώνε
939 894 1081 935 neque
1121 880 1203 921 hoc
1233 878 1329 922 vult
1362 875 1668 922 casaubonus.

79 943 81 945 “
141 937 348 982 SanEF.

632 1004 870 1054 ΠΑΡΩΝ,
902 1001 1005 1045 INS
1014 1000 1174 1045 TANS.

202 1086 440 1131 Omittitur
465 1102 643 1144 quoque
673 1089 962 1144 participium
995 1087 1200 1142 παρόντος,
1229 1087 1282 1126 ut
1310 1083 1429 1139 apud
1458 1081 1677 1146 Thucydi-

144 1143 269 1186 dem:
295 1145 493 1196 Χειμῶνος
507 1146 598 1195 ἤδη,
613 1149 885 1203 αἰνεχώρησανε
909 1143 1066 1187 Hieme
1074 1144 1174 1200 jam
1187 1141 1477 1199 (appetente),
1496 1152 1676 1197 regressz

145 1209 262 1250 sunt,
298 1217 380 1258 pro
415 1203 616 1252 Χειμῶνος
643 1203 716 1249 ἤδη
744 1206 945 1259 παρόντος.
1006 1202 1184 1258 [Neque
1214 1201 1285 1243 hic
1315 1203 1489 1242 necesse
1524 1203 1591 1240 est
1619 1197 1676 1238 ad

145 1260 327 1315 ellipsin
361 1262 680 1316 confugiamus.
742 1261 910 1303 Millies
945 1262 1007 1303 sic
1027 1261 1215 1314 genitivi
1249 1259 1303 1300 de
1323 1262 1523 1312 tempore
1544 1257 1673 1298 abso-

146 1317 239 1359 lute
258 1322 499 1372 ponuntur.
562 1319 781 1362 Homerus
810 1318 857 1360 ΙΙ.
894 1318 944 1360 Ε.
967 1334 1008 1361 v.
1045 1317 1143 1359 522.
1165 1319 1357 1373 νεφέλῃσιν
1389 1316 1560 1363 ἐοικότες,
1583 1312 1677 1355 biars

149 1373 320 1430 Κρονίων
355 1379 530 1425 νηνεμίης
558 1379 712 1422 ’ἔστησεν
734 1379 793 1418 ἐπ’
815 1378 1070 1432 ἀκροπόλοισιν
1103 1375 1255 1431 ῧρεσσιν.
1316 1372 1594 1425 Quamquam
1613 1371 1678 1412 ibi

149 1433 288 1474 etiam
308 1433 569 1476 Eustathius
589 1436 643 1477 de
675 1435 820 1489 ellipsi
857 1436 1040 1487 cogitat,
1075 1435 1283 1488 supplens
1303 1432 1372 1473 vel
1397 1430 1521 1482 οὔσης,
1541 1428 1609 1470 vel
1642 1429 1678 1469 ἐν

149 1497 283 1547 καιρῷ,
305 1494 372 1533 vel
386 1493 450 1533 ἐπί
466 1506 477 1533 :
509 1497 704 1535 ceterum
724 1494 834 1534 bene
854 1505 1113 1547 comparans
1143 1490 1289 1546 θέρους,
1310 1491 1515 1542 χειμῶνος,
1529 1484 1678 1533 νυκτὸς,

147 1547 307 1603 ἧμέρας.
364 1549 605 1604 Dionysius
640 1549 787 1592 Halic.
824 1550 927 1592 Ant.
965 1549 1094 1591 Rom.
1118 1552 1151 1590 t.
1174 1550 1221 1589 ii.
1255 1561 1296 1602 p.
1318 1546 1419 1588 883.
1471 1544 1603 1587 νυκτὸς
1623 1543 1681 1583 ’ἑτι

147 1608 307 1650 πολλῆς
322 1604 385 1647 ἐπὶ
406 1607 469 1648 τὸν
498 1609 662 1663 χοίροικα
681 1613 756 1649 τῶν
774 1606 976 1663 Τυῤῥηνῶν
993 1606 1179 1649 ὤσασθαι.
1210 1602 1436 1666 ΞΟῌΑΕῈ]

690 1706 718 1734 ’¹²
747 1705 891 1755 ΠΑΣ,
925 1705 1135 1749 OMNIS.

209 1787 346 1829 Deest
379 1788 426 1829 in
457 1789 494 1829 οἱ
522 1786 616 1831 καθ’
647 1788 725 1838 ἕνα,
760 1788 874 1844 Eph.
896 1803 936 1831 v.
972 1790 1041 1832 33.
1073 1804 1132 1831 sc.
1168 1788 1329 1836 mim-ss,
1358 1786 1476 1840 quod
1504 1784 1684 1827 additur

157 1845 175 1887 1
202 1844 301 1886 Cor.
322 1846 410 1887 xiv.
425 1845 495 1887 31.
519 1845 577 1888 acl
595 1859 729 1888 unum
748 1847 956 1902 (omnes).
986 1847 1254 1888 SCHOETTG.

216 1905 240 1928 ³¹⁶
270 1901 320 1944 In
351 1903 458 1947 κατὰ
483 1905 596 1945 πόλιν
617 1917 698 1958 pro
729 1906 891 1948 {noim-m
922 1908 1072 1959 potest
1104 1906 1237 1946 etiam
1274 1901 1501 1943 subaudiri
1535 1903 1684 1948 πᾶσαν,
1754 1939 1763 1951 .

154 1959 307 2002 Actor.
330 1974 402 2001 xv,
425 1960 494 2001 21.
517 1959 643 2004 Κατ-οὶ
669 1963 792 2004 πόλιν.
822 1976 903 2015 pro
923 1977 1012 2017 quo
1032 1964 1161 2015 plene
1179 1965 1248 2002 est
1267 1974 1305 2002 v.
1323 1959 1402 2001 36.
1430 1959 1540 2002 κατὰ
1558 1960 1686 2000 πᾶσαν

155 2020 286 2059 πόλιν.
346 2017 585 2071 Dionysius
615 2017 763 2060 Halic.
796 2021 872 2061 lib.
906 2021 937 2060 i.
957 2033 1000 2074 p.
1023 2020 1091 2062 53.
1152 2018 1266 2059 Me&
1293 2018 1379 2060 ὅσην
1405 2014 1489 2071 εἶχε
1516 2015 1687 2064 δύναμιν.

157 2076 255 2117 sub.
269 2076 417 2118 πάσης.
479 2075 573 2130 [Sic
589 2076 841 2118 Graecorum
857 2078 1004 2118 nullus
1021 2079 1200 2132 scripsit
1221 2089 1300 2117 nec
1321 2076 1509 2117 scribere
1524 2073 1687 2127 potuit.
1750 2098 1753 2100 >

156 2131 298 2174 Recte
320 2145 434 2174 nunc
466 2133 514 2174 in
550 2132 781 2187 Dionysio,
810 2134 1037 2188 prae'eunte
1071 2135 1232 2176 Codice
1266 2132 1500 2178 Vaticano,
1520 2135 1571 2172 ut
1594 2131 1691 2182 Jam

126 2202 129 2209 ·
159 2190 221 2233 Η.
246 2189 499 2245 Stephanus
521 2192 781 2243 conjecerat,
806 2193 972 2234 editum
1003 2194 1194 2246 legitur:
1227 2189 1320 2240 μεθ’
1353 2191 1440 2233 ὅσης
1466 2186 1551 2241 εἶχε
1582 2187 1691 2228 δυναί-

161 2265 281 2298 μεως.
302 2251 335 2289 t.
354 2249 382 2288 i.
404 2261 446 2301 p.
480 2246 575 2289 166.
606 2248 833 2304 ScHAEF]
897 2249 1171 2303 Neutiquam
1189 2250 1324 2296 enim,
1345 2250 1395 2288 ut
1423 2246 1692 2299 quibusdam

161 2306 353 2353 videtur,
374 2305 574 2347 abundat
596 2305 658 2354 τὸ,
678 2306 789 2354 μεθ’,
811 2308 1029 2361 siquidem
1048 2309 1182 2349 etiam
1210 2306 1328 2361 apud
1350 2303 1590 2346 Homerum
1612 2303 1692 2344 ali-

164 2376 303 2417 osque
336 2364 552 2415 ejusmodi
586 2365 815 2416 particulae
844 2366 1045 2406 absolute
1078 2366 1233 2420 positae
1265 2362 1556 2418 reperiuntur.
1617 2359 1692 2402 Sic

165 2421 255 2476 ‘zue-pi
286 2419 414 2461 Iliad.
436 2418 468 2460 Ῑ.
490 2435 531 2462 v.
568 2420 661 2463 100.
688 2419 758 2478 Τῷ
792 2440 830 2462 σε
852 2423 935 2478 χρὴ
955 2426 1042 2478 πέρι
1075 2424 1145 2472 μὲν
1167 2419 1314 2475 φάσθαι
1347 2421 1466 2461 ἐ’ποςε
1499 2416 1576 2460 ubi
1605 2418 1694 2475 ωέρι

165 2484 234 2520 est
256 2480 424 2519 ἐλλιπῶς
454 2491 536 2532 pro
570 2479 659 2534 περὶ
688 2481 869 2521 πάντωνε
902 2481 1019 2535 quod
1052 2482 1181 2535 plene
1201 2482 1268 2521 est
1303 2477 1429 2520 Iliad.
1453 2476 1503 2518 B.
1527 2490 1566 2518 v.
1589 2475 1691 2517 831.

157 2535 244 2577 “Os
263 2537 351 2590 πέρι
369 2534 660 2589 ωοέντων”ῌδεε
686 2541 939 2584 μαντοσύνας.
971 2539 1066 2580 coll.
1090 2538 1147 2579 A.
1168 2551 1259 2579 ver.
1292 2535 1389 2578 329.
1422 2534 1630 2589 Elliptica
1648 2537 1696 2575 et

166 2593 302 2649 plena
322 2594 487 2634 locutio
512 2595 705 2646 junctim
736 2600 964 2637 occurrunt
998 2596 1116 2650 apud
1144 2595 1346 2637 eumdem
1384 2591 1538 2646 odyss.
1575 2590 1625 2632 P.
1647 2604 1690 2632 v.
1749 2625 1755 2635 ,

170 2650 272 2701 388,
307 2648 403 2691 389.
443 2650 563 2692 Ἀλλ’
597 2651 670 2693 αἰεὶ
700 2653 882 2704 χαλεπὸς
901 2657 988 2709 πέει
1019 2655 1176 2695 πάντων
1201 2651 1252 2694 εἷς
1282 2651 1509 2706 μνηστήρων
1528 2647 1695 2698 Δμωσῖν

166 2708 403 2757 Ὀδυσσῆος,
423 2710 512 2764 πέρι
532 2707 663 2753 δἀῧτ’
688 2711 787 2756 ἐμοί.
818 2710 1032 2753 SCHWEB.

684 2797 913 2849 HATHP,
953 2800 1035 2843 PA
1048 2800 1178 2844 TER.

237 2878 489 2921 Herodotus
504 2880 549 2921 in
572 2879 670 2921 Clio
688 2879 936 2937 2''A3p‘s16·r05
957 2885 973 2924 ὁ
992 2883 1157 2940 Γορδίεω
1178 2887 1244 2926 τοῦ
1255 2880 1408 2934 Μίδεω,
1425 2882 1456 2923 i.
1478 2894 1517 2923 e.
1541 2878 1701 2923 Adras-

180 2943 247 2980 tus
282 2951 419 2993 nepos
444 2936 614 2988 Gordiz',
651 2937 832 2995 (patris)
859 2940 1031 3001 Midae.)
1090 2940 1250 2997 [Locus
1283 2943 1351 2984 est
1368 2953 1462 3005 cap.
1484 2938 1554 2983 45.
1614 2937 1702 2995 Sed
