1838 3164
717 191 1019 233 ISAGOGE.
1578 185 1624 229 ll

109 307 351 363 composito
372 307 765 364 praepositionibus
783 306 1045 349 tribuerent.
1105 300 1310 346 Eustath.
1345 302 1402 345 ad
1431 303 1558 346 Iliad.
1582 302 1631 358 B.

108 359 208 407 267·
237 363 340 409 Φησὶ
369 371 459 415 «γοῦν
493 364 638 416 σμῶδιξ
667 363 918 415 ἐξυπανέστη,
948 361 1064 413 ’ἤγουν
1090 360 1265 403 κάτωθεν
1286 362 1337 401 εἰς
1353 359 1447 402 εὐθὺ
1469 360 1632 410 ὑψώθη.

115 422 255 467 Δηλοῖ
265 423 358 478 γὰρ,
390 423 516 477 φασὶν,
549 422 716 465 ἐνταῦθα
734 423 760 466 ἦ
779 423 849 471 μὲν
870 420 944 463 ὑπὸ
965 417 1149 477 πρόθεσις
1178 418 1223 460 τὸ
1246 417 1450 464 κάτωθεν,
1471 420 1497 463 ἦ
1517 418 1555 460 δὲ
1576 418 1634 471 ἐξ,

113 479 159 521 τὸ
177 481 230 522 εἷς
248 478 358 523 εὐθύ·
378 482 404 525 ἦ
423 480 462 523 δὲ
480 483 566 529 αἰνὰ,
596 481 642 522 τὸ
661 481 776 530 ὕψος,
808 482 857 522 ὣς
876 478 940 520 καὶ
968 480 1004 520 ἐν
1025 482 1079 536 τῷ
1100 474 1352 526 ὑπεξαναδὺς,
1385 475 1450 518 καὶ
1485 477 1520 517 ἐν
1554 479 1635 518 τοῖς

116 537 271 587 ὁμοίοις.
326 537 473 580 Ἰστέον
506 537 580 594 ’γὰρ
626 538 683 579 ὅτι
728 537 896 584 οὐδαμοῦ
932 535 1085 585 στοιβὴν
1126 532 1341 591 προθέσεων
1372 535 1634 585 μάτην-οὕτω

115 593 265 651 τίθησιν
284 591 505 644 &mom-1⁶55,
535 598 624 637 ἀλλ’
653 597 796 640 ἑκάστη
818 599 892 637 τῶν
909 592 1157 644 συγκειμίένων
1187 593 1358 640 σημαίνει
1390 608 1443 633 τι.
1503 588 1635 634 Tales

115 653 303 707 argutiae
330 665 359 695 a
396 666 499 695 vero
518 654 772 696 abducunt.
833 653 1022 700 Saniora,
1052 648 1327 693 tradiderunt
1368 650 1636 692 recentiores

118 711 263 760 multi,
295 723 566 765 quamquam
598 712 787 754 fortasse
821 708 907 752 non
934 712 1056 765 justa
1094 708 1328 761 diligentia
1365 708 1531 762 ubique
1568 719 1637 749 ca-

118 771 283 821 ventes,
297 779 353 810 ne
371 768 418 810 in
441 770 627 813 alteram
646 774 877 825 peccarent
895 772 1081 825 partem.
1155 765 1206 808 V.
1229 763 1440 808 Praemon.
1462 763 1515 807 de
1532 778 1638 821 prce-

111 822 418 881 positionibus.
479 826 580 880 Sed,
610 841 665 870 ne
694 828 870 881 longius
901 828 1172 877 aberremus,
1203 824 1332 866 nobis
1349 825 1493 880 placet
1523 824 1643 866 intra

118 882 242 933 fines,
260 897 370 938 quos
403 886 642 940 posuimus,
671 899 862 929 manere.
923 884 1040 928 Nam
1082 884 1120 924 si
1156 882 1291 924 latius
1322 885 1501 937 accepto
1521 883 1642 936 pleo-

81 960 103 973 ν
119 952 274 984 nasmo
293 942 420 984 nobis
441 944 572 1000 plane
609 948 812 986 constare
830 944 1054 994 vellemus,
1085 954 1175 983 non
1211 940 1354 982 solum
1388 940 1443 981 de
1473 952 1645 995 praepo-

124 998 375 1052 sitionibus‚
419 1013 606 1054 quarum
652 1002 802 1056 plures
837 1002 884 1042 in
919 1001 1062 1043 verbis
1098 998 1355 1054 compositis
1386 998 1539 1040 otiosae
1576 999 1645 1040 vel

126 1060 231 1098 sunt
246 1058 316 1099 vel
337 1058 556 1110 dicuntur,
585 1060 660 1101 sed
679 1060 815 1102 etiam
836 1060 891 1101 de
923 1059 1023 1100 aliis
1055 1056 1417 1112 inseparabilium
1448 1055 1540 1098 vim
1568 1056 1647 1096 ha-

125 1114 336 1157 bentibus
365 1115 667 1159 disserendum
696 1122 824 1166 esset,
870 1121 912 1164 d,
934 1116 998 1165 δα,
1027 1123 1081 1166 λι,
1110 1115 1230 1156 etde
1249 1113 1648 1156 terminationibus

127 1173 408 1225 quibusdam,
458 1178 508 1216 ut
552 1175 914 1217 diminutivorum
961 1178 1006 1216 et
1055 1173 1482 1228 amplificativorum.
1541 1170 1649 1213 Haec

127 1239 232 1288 ergo
269 1230 325 1272 ad
348 1233 693 1289 *etymologicam
728 1233 1029 1286 grammaticae
1059 1235 1229 1286 partem
1258 1229 1530 1286 pertinentia
1558 1242 1649 1272 non

129 1289 378 1341 tangemus.
897 1291 900 1294 ’
1470 1291 1476 1293 “
1588 1338 1593 1344 ⁴

190 1343 416 1388 Hactenus
449 1346 561 1388 nihil
595 1347 685 1389 fere
714 1347 850 1396 aliud,
880 1359 1015 1402 quam
1043 1359 1246 1400 campum
1268 1358 1424 1400 purum
1449 1343 1652 1397 fecimus,

131 1400 179 1444 in
199 1415 288 1457 quo
314 1404 443 1446 nobis
475 1405 794 1446 decurrendum
823 1410 1108 1460 putaremus;
1142 1404 1274 1444 nimis
1312 1403 1443 1456 longo
1468 1403 1651 1444 fortasse

131 1473 212 1504 nec
252 1462 359 1504 satis
399 1463 625 1505 fructuoso
662 1463 883 1518 perfuncti
923 1463 1090 1504 labore.
1153 1461 1238 1502 Sed
1273 1461 1489 1502 voluimus
1517 1460 1661 1502 etiam«

131 1519 426 1572 cogitatorum
456 1523 707 1562 nostrorum
740 1522 958 1563 rationem
990 1519 1183 1562 reddere.
1243 1517 1347 1560 Jam
1379 1522 1425 1560 et
1445 1518 1573 1560 nobis
1606 1521 1654 1560 et

134 1576 370 1618 lectoribus
386 1578 623 1631 jiicundior
653 1578 829 1620 dabitur
863 1579 1081 1620 decursio.
1143 1575 1261 1618 Nam
1292 1576 1338 1617 hi
1371 1577 1408 1617 si
1439 1576 1555 1618 forte
1583 1588 1653 1618 me

138 1633 188 1674 in
208 1635 408 1677 confiniis
441 1635 794 1690 pleonasmorum
824 1636 1007 1678 liberius
1024 1637 1174 1689 vagari
1209 1639 1343 1688 atque
1373 1633 1509 1676 etiam
1529 1637 1656 1676 extra

139 1687 246 1733 fines
263 1704 492 1734 excurrere
524 1693 731 1745 viderint,
759 1693 967 1736 hactenus
986 1694 1175 1735 fortasse
1203 1691 1549 1746 reprehendent:
1583 1692 1658 1733 sed

138 1752 257 1790 certe
290 1763 378 1791 non
412 1750 778 1804 indignabuntur,
808 1764 856 1792 se
891 1764 991 1792 mea
1021 1751 1153 1806 culpa
1185 1750 1331 1790 nescio
1365 1762 1453 1803 quo
1486 1749 1658 1790 delatos

141 1819 283 1860 neque
311 1807 442 1849 utilia
486 1821 629 1862 neque
656 1808 853 1862 jucunda
894 1810 1099 1862 ἱστορῆσαι.
1161 1806 1260 1849 Hoc
1303 1807 1480 1860 quidem
1519 1809 1658 1848 etiam

142 1865 409 1917 iniquissimi
436 1866 606 1919 judices
633 1867 898 1920 probabunt,
934 1867 1051 1919 quod
1083 1879 1150 1917 ea,
1178 1879 1276 1919 quae
1307 1867 1660 1919 pleonasmorum

144 1921 322 1964 nomine
349 1923 566 1971 feruntur,
596 1924 672 1965 sed
697 1926 820 1978 Justa
848 1924 1215 1978 interpretatione
1244 1923 1366 1964 facta
1395 1921 1451 1963 ad
1481 1935 1660 1964 sensum

143 1981 402 2079 &palarem
432 1986 477 2023 et
510 1982 754 2036 simplicem
793 1982 993 2033 redeunt,
1022 1982 1130 2023 mihi
1161 1981 1389 2022 tractanda
1427 1981 1660 2022 vindicavi.

193 2050 266 2078 am
285 2038 341 2079 de
360 2039 429 2080 his
450 2039 516 2079 vel
539 2039 730 2094 maxime
764 2040 986 2094 inquirere
1006 2040 1193 2082 studiosi
1223 2043 1266 2080 et
1297 2039 1405 2080 alios
1435 2039 1661 2080 consulere

145 2094 325 2136 debent.

207 2153 246 2208 ξ.
289 2153 355 2196 10.
417 2153 542 2196 Sicut
574 2154 832 2197 Eustathius
875 2157 933 2211 (ξ.
979 2155 1139 2210 antec.)
1187 2153 1519 2210 praepositiones
1556 2167 1663 2195 non-

150 2212 293 2252 nullas
314 2212 361 2252 in
381 2213 526 2262 verbis
546 2213 803 2268 compositis
823 2214 1010 2255 nimium
1030 2214 1232 2267 urgebat,
1254 2213 1318 2253 ita
1337 2215 1381 2253 et
1412 2213 1506 2266 ipse
1521 2216 1566 2253 et
1586 2212 1664 2253 alii

149 2269 418 2323 antiquiores
450 2271 584 2312 etiam
619 2272 898 2324 grammatici
935 2284 1092 2326 parum
1119 2270 1339 2324 urgebant
1373 2270 1669 2324 pleonasmos,

151 2326 229 2378 qui
250 2339 279 2367 a
304 2327 432 2369 nobis
459 2328 674 2370 dicuntur.
736 2327 832 2370 Hos
868 2330 907 2371 si
942 2330 1093 2370 liceret
1124 2329 1260 2380 sequi,
1289 2328 1442 2382 paucis
1470 2340 1574 2369 sane
1595 2328 1667 2369 ‹le-

153 2383 447 2437 fungeremur.
507 2385 625 2428 Nam
659 2387 890 2441 descriptis
918 2387 1138 2441 capitibus
1181 2387 1267 2427 duo
1310 2398 1472 2438 genera
1518 2386 1669 2427 verbo-

155 2453 254 2482 rum
282 2444 588 2494 statueremus,
637 2444 677 2499 1)
704 2439 866 2497 ¹ubique
885 2446 1165 2500 πλεονάζοντα,
1201 2456 1298 2496 quae
1337 2449 1440 2485 sunt
1479 2445 1670 2485 maxime

153 2499 381 2554 particulae
418 2504 830 2557 ωαραπληρωματικαὶ
847 2516 858 2549 ;
889 2502 936 2557 2)
965 2502 1093 2543 certis
1128 2502 1235 2543 locis
1274 2501 1548 2555 πλεονάζοντα,
1576 2514 1674 2554 quae

155 2556 284 2598 nobis
309 2557 515 2612 deinceps
536 2564 638 2600 sunt
672 2561 861 2601 maxime
893 2559 1182 2614 explicanda;
1214 2559 1259 2600 id
1289 2563 1435 2600 autem
1458 2561 1521 2602 sic
1537 2560 1672 2601 inter-

156 2617 445 2670 pretaremur,
475 2619 524 2657 ut
557 2617 612 2658 ad
647 2630 823 2658 sensum
861 2618 1001 2672 ipsum
1049 2617 1096 2659 in
1131 2621 1282 2659 neutro
1321 2630 1479 2671 genere
1514 2619 1672 2658 horum

158 2673 391 2725 verborum
426 2674 563 2715 ullam
598 2675 688 2715 vim
720 2675 858 2716 inesse
875 2677 1132 2727 diceremus,
1174 2675 1249 2716 sed
1279 2678 1455 2716 tantum
1474 2676 1564 2717 illis
1601 2689 1673 2716 ex—

159 2731 273 2785 pleri
309 2731 377 2773 vel
409 2743 689 2773 numerorum
722 2745 867 2785 causa,
895 2734 964 2774 vel
997 2731 1219 2790 elegantiae
1239 2747 1291 2775 cu
1292 2734 1483 2787 jusdam,
1514 2733 1675 2774 oratio-

161 2800 294 2837 nem;
325 2789 372 2830 in
399 2789 481 2832 hoc
515 2790 694 2843 quidem
735 2794 1051 2845 repugnanter:
1102 2791 1318 2844 quomodo
1357 2791 1476 2832 enim
1498 2793 1675 2844 elegans

161 2857 258 2888 esse
288 2850 454 2901 potest,
490 2847 608 2900 quod
636 2848 766 2902 plane
801 2849 912 2904 ἀργὸν
942 2849 1131 2891 habetur
1162 2850 1216 2890 ad
1238 2862 1428 2896 sensum,
1462 2853 1506 2890 et
1527 2861 1675 2902 super-

164 2905 432 2946 vacaneum?
463 2903 566 2946 Non
599 2906 740 2947 solum
777 2911 924 2948 autem
957 2907 1237 2961 grammatici
1268 2912 1435 2949 veteres
1464 2907 1676 2961 plerique,

170 2960 247 3002 sed
275 2962 412 3004 etiam
454 2963 650 3006 rhetores
692 2965 892 3006 nonnulli
937 2978 1067 3007 sonos
1105 2965 1217 3017 illos,
1264 2978 1375 3019 quos
1417 2959 1679 3017 significavi,

168 3030 301 3065 sensu
330 3023 478 3064 cassos
505 3026 551 3064 et
581 3021 736 3066 inanes
777 3023 1045 3078 statuebant,
1084 3023 1386 3078 vocabantque
1414 3022 1680 3079 παραπληρώ-
