1838 3164
151 117 234 161 ‘126
528 123 849 166 PLEONASMI
876 122 1368 166 GONJUNCTIONUM.

207 232 250 275 2.
282 231 334 276 In
366 237 437 283 μέν
472 239 673 281 ‘rs-...85
707 256 748 281 τε
786 240 916 282 rebus
948 239 1034 280 rite
1065 239 1363 282 discernendis
1395 238 1442 279 et
1471 237 1588 279 inter
1617 249 1666 280 se

149 294 459 346 comparandis
496 299 856 352 opponendisque
889 297 1132 339 inserviunt
1152 298 1222 346 μὲν
1243 300 1289 338 et
1318 296 1383 343 δές
1411 295 1668 349 copulandis

150 354 300 391 autem
332 351 487 394 iisdem
521 356 760 410 repetitum
797 373 854 408 τε,
886 355 963 396 sed
983 369 1083 397 cum
1110 354 1290 398 δεινότητι
1323 353 1531 407 quadam,
1561 353 1670 407 quia

149 420 218 473 res
247 409 380 451 rebus
411 412 551 461 addit,
578 426 820 468 earumque
853 413 1025 468 copiam
1052 413 1334 467 cogitandam
1362 410 1507 454 offert.
1566 409 1671 453 Non

149 478 354 520 exlguam
376 468 515 521 igitur
545 471 635 512 vim
666 472 800 513 habet
832 474 899 512 ter
933 473 1127 525 positum
1156 469 1279 512 Iliad.
1311 469 1362 511 Φ.
1392 467 1491 511 260.
1528 481 1585 510 ss.
1617 469 1672 510 de

147 535 264 575 aqua
283 537 364 578 per
385 525 535 569 hortos
562 529 814 571 deducenda
832 543 842 568 :
875 526 957 570 Τοῦ
976 527 1046 577 μέν
1066 546 1108 569 τε
1129 530 1367 584 προρέοντος,
1403 526 1478 568 ὑπὸ
1498 525 1673 580 ψηφῖδες

149 580 297 622 ἅπασαι
338 585 564 635 ὀχλεῦνται,
603 588 647 627 τό
684 586 723 627 δέ
756 589 791 627 τ’
825 585 905 627 ὦκα
935 587 1200 635 κατειβόμενον
1234 584 1430 641 κελαρύζει
1462 582 1580 640 χώρῳ
1620 582 1670 625 ἐνὶ

147 642 322 693 προαλεῖ,
340 639 472 693 φθάνει
494 642 532 683 δέ
550 661 590 685 τε
603 644 668 684 καὶ
688 644 750 684 τὸν
772 643 944 692 {hyon-a:
977 643 1077 685 Hac
1090 643 1330 700 profluente
1359 639 1512 684 calculi
1536 655 1673 683 omnes

143 695 291 738 subtus
311 697 537 742 turbantur
549 716 564 742 :
594 700 690 758 ipsa
709 700 864 758 rapide
885 700 1029 743 delata
1049 707 1285 744 murmurat
1303 700 1392 743 solo
1422 698 1472 741 in
1493 697 1667 748 deobivi,

146 759 188 794 et
199 755 423 810 praecurrit
437 758 544 801 adeo
565 759 797 802 ducentem.
859 759 930 801 Cf.
948 763 994 800 et
1015 757 1066 799 K.
1095 757 1188 800 126.
1210 760 1287 802 ubi
1317 760 1386 808 μὲν
1407 769 1666 812 expressum

146 824 235 854 non
252 814 396 863 adest,
417 817 491 857 sed
513 819 776 871 intelligitur
796 833 806 866 ;
838 823 883 861 et
903 816 953 858 E.
976 815 1070 858 139.

173 907 178 909 s
201 868 252 912 In
274 874 503 925 particulis
519 877 588 923 μέν
605 878 640 915 τ’
661 874 704 918 ἂν
725 878 891 918 nullum
910 889 992 928 ego
1006 892 1047 915 τε
1069 887 1273 929 agnosco.
1295 873 1399 916 Vid.
1420 871 1550 915 Tol.

202 928 245 970 3.
268 927 369 972 Post
391 929 429 971 ὃς
449 936 492 973 et
527 933 606 973 ὅσος
625 933 719 975 fere
741 939 944 976 statuunt
975 946 1070 975 esse
1097 938 1139 974 et
1169 930 1357 988 quidem,
1389 936 1434 973 et
1470 935 1579 987 ante
1608 940 1667 973 ea

144 991 316 1040 ponunt
337 988 511 1042 ellipsin
547 994 615 1031 τοῦ
641 991 749 1035 οὗτος
767 996 812 1034 et
833 994 954 1034 τόσος.
1015 990 1144 1033 Paus.
1167 991 1233 1031 iii.
1256 989 1296 1030 4.
1319 990 1417 1031 init.
1453 987 1668 1041 Καταψεύ-

115 1084 117 1086 ,
143 1061 284 1093 νουσιν,
314 1047 364 1087 ὡς
399 1048 620 1102 ἐτράποντο,
652 1050 730 1092 ὅσον
754 1069 796 1092 τε
817 1052 1128 1103 πεντακισχίλιοι
1159 1048 1434 1103 τῶνἈρΎείων
1466 1048 1503 1087 ἐς
1529 1043 1667 1087 arb-227.-

145 1119 206 1143 σος
215 1116 232 1166 .³
280 1116 374 1144 cum
414 1109 534 1160 terga
568 1107 785 1151 vertissent
815 1107 990 1164 Argivi,
1036 1105 1323 1164 confugerunt
1355 1103 1406 1146 in
1433 1104 1593 1152 cucuma,
1629 1109 1670 1145 et

144 1159 318 1215 quzdem
337 1160 396 1203 ad
411 1161 437 1202 5
463 1162 617 1205 millia.
676 1163 804 1209 Iliad.
829 1166 886 1208 H.
909 1166 1008 1208 451.
1033 1179 1086 1207 ss.
1146 1163 1228 1206 Τοῦ
1257 1164 1289 1203 δ’
1310 1162 1394 1208 ἦτοι
1414 1165 1523 1204 κλέος
1541 1162 1666 1210 ἔσται,

143 1218 221 1259 ὅσον
257 1220 292 1259 τ’
327 1219 562 1262 ἐπικίδναται
585 1222 675 1265 vids.
707 1226 808 1268 τοῦδ’
845 1224 879 1265 δ’
912 1224 1171 1270 ἐπιλήσονται,
1208 1222 1226 1261 ὅ
1255 1223 1290 1262 τ’
1325 1221 1400 1270 ἐγὼ
1431 1219 1495 1261 καὶ
1522 1218 1667 1267 Φοῖβος

142 1275 356 1318 Ἀπόλλων
385 1278 463 1335 ἥρῳ
497 1279 736 1328 Λαομέδοντι
773 1282 1009 1331 πολίσσαμεν
1039 1279 1281 1324 ἀθλήσαντὲς
1295 1294 1304 1320 :
1343 1278 1491 1335 HuJ'US
1516 1274 1670 1332 (muri)

145 1339 287 1375 autem
313 1335 510 1392 profecto
526 1337 660 1393 fama
691 1339 788 1390 erit,
822 1346 865 1382 et
899 1339 1073 1396 quidem
1096 1350 1176 1394 per
1207 1341 1412 1394 quantam
1445 1333 1666 1390 regionem

141 1405 300 1434 aurora
334 1392 467 1435 lucem
488 1394 664 1451 fundit.
727 1398 836 1455 Ejus
869 1403 1015 1439 contra
1042 1394 1356 1442 obliviscentur,
1385 1406 1506 1450 quem
1525 1398 1567 1433 et
1580 1404 1663 1446 ego

143 1456 185 1491 et
208 1449 291 1492 Pla.
321 1450 374 1491 A.
397 1455 479 1493 etc.
542 1452 591 1494 In
610 1454 679 1495 his
710 1456 728 1495 ὅ
748 1459 782 1496 τ’
818 1456 892 1504 ἐγὼ
914 1455 978 1496 καὶ
1008 1455 1175 1495 dictum
1197 1455 1264 1493 est
1281 1465 1363 1506 pro
1385 1450 1404 1490 ὃ
1426 1452 1501 1500 ἐγώ
1516 1466 1558 1490 τε
1579 1449 1660 1490 καί.

142 1507 319 1550 Scilicet
339 1509 416 1549 ubi
436 1512 665 1564 particulis
686 1529 727 1553 τε
748 1517 793 1555 et
811 1512 876 1553 καὶ
895 1526 966 1555 res
1001 1510 1277 1566 copulantur,
1306 1509 1512 1564 proprius
1540 1508 1663 1548 iocus

144 1568 305 1620 prioris
339 1571 402 1608 est
438 1572 538 1622 post
566 1570 747 1612 verbum
778 1571 1008 1612 sententiae
1042 1568 1322 1623 primarium.
1394 1565 1482 1607 Sed
1511 1569 1662 1606 tamen

142 1625 277 1683 etiam
299 1625 345 1666 in
376 1637 508 1680 prosa
528 1626 758 1670 discedunt
777 1629 833 1670 ab
857 1629 939 1670 hac
960 1629 1084 1680 lege;
1116 1631 1168 1666 ut
1187 1623 1390 1679 Xenoph.
1428 1621 1567 1664 Mem.
1586 1622 1656 1663 iii.

143 1683 186 1730 6,
215 1682 280 1723 17.
310 1683 388 1722 ὅτί
403 1700 445 1723 τε
466 1686 617 1731 λέγουσι
645 1685 708 1726 καὶ
738 1687 756 1726 ὅ
785 1703 822 1727 τι
853 1689 1008 1734 ποιοῦσι,
1040 1696 1121 1737 pro
1155 1683 1213 1723 ὅτι
1242 1682 1396 1730 λέγουσι’
1426 1697 1466 1721 τε
1491 1679 1555 1721 καὶ
1576 1684 1660 1722 etc.

141 1740 374 1782 Adverbiis
394 1745 543 1782 autem
562 1744 775 1792 relativis,
795 1742 902 1794 ἔνθα,
922 1743 979 1784 ἵνα
1000 1740 1132 1797 (uba),
1154 1741 1231 1792 ὅτε,
1247 1739 1312 1786 ὥς,
1335 1738 1418 1780 ὡσεὶ
1438 1738 1660 1792 adjectum

140 1815 184 1839 τε
205 1797 331 1840 nudae
352 1798 508 1855 copulce
541 1802 629 1841 vim
653 1802 815 1843 habere
844 1802 979 1842 iidem
1000 1799 1087 1840 viri
1121 1799 1237 1840 docti
1257 1798 1457 1845 tradunt,
1484 1799 1536 1836 ut
1565 1793 1660 1836 ἔνθα,

137 1873 181 1896 τε
202 1858 261 1901 Sit
291 1869 373 1910 pro
390 1856 453 1897 καὶ
476 1858 660 1906 ἐνταῦθα,
694 1858 804 1908 ἔνθα,
825 1863 871 1901 et
888 1859 947 1900 ‘lm
967 1875 1008 1898 τε
1031 1858 1060 1899 ἰ.
1081 1870 1120 1910 q.
1142 1855 1205 1897 καὶ
1227 1857 1317 1903 ἐκεῖ,
1335 1855 1411 1903 ἵνα,
1434 1853 1658 1895 Similiter-

138 1915 292 1966 quein
323 1916 521 1968 reliquis.
580 1916 665 1958 Sed
694 1918 884 1971 ingenue
918 1917 1077 1967 fateor,
1107 1914 1217 1955 mihi
1252 1918 1486 1965 utramque
1520 1911 1658 1965 expli—

139 1975 360 2014 cationem
383 1986 470 2014 non
500 1978 655 2028 spo-nte
692 1988 718 2016 a
746 1975 963 2029 particula
998 1972 1323 2028 suppeditatam
1358 1971 1435 2012 sed
1468 1969 1656 2011 necessi-

137 2035 232 2072 tate
246 2044 496 2085 expressam
515 2033 669 2073 videri.
731 2032 850 2074 Nam
886 2033 975 2073 illis
1007 2030 1189 2072 Homeri
1224 2034 1269 2071 et
1302 2027 1532 2070 Pausaniae
1560 2039 1656 2068 ver-

137 2089 225 2138 bis,
247 2093 291 2130 et
307 2090 409 2131 aliis
430 2090 537 2131 item
555 2092 663 2132 locis
696 2090 740 2130 τὸ
761 2097 802 2133 et
820 2089 991 2148 quidem
1019 2102 1124 2132 casu
1155 2090 1302 2143 potest
1333 2090 1487 2141 aptum
1505 2085 1656 2127 videri.

137 2147 225 2189 Sed
254 2147 499 2189 consideret
519 2148 647 2196 mihi,
677 2149 754 2201 qui
787 2162 915 2191 sensu
938 2149 1070 2201 justae
1100 2144 1476 2200 interpretationis
1511 2144 1653 2184 imbu-

137 2210 211 2247 tus
244 2209 324 2256 est,
354 2205 446 2247 haec
475 2206 585 2255 loca,
616 2207 776 2258 quibus
810 2207 898 2248 ista
936 2206 1189 2247 illustrant:
1222 2202 1348 2245 Iliad.
1383 2202 1437 2243 A.
1471 2200 1572 2243 279.
1601 2198 1655 2243 E.

140 2263 239 2304 305.
269 2262 485 2305 340.467.
506 2269 550 2306 et
573 2263 673 2306 500.
705 2263 741 2306 I.
763 2263 863 2306 477.
887 2262 936 2304 Σ.
967 2262 1068 2305 305.
1101 2263 1156 2305 T.
1185 2260 1286 2303 478.
1316 2259 1474 2315 odyss.
1502 2258 1557 2300 A.
1576 2256 1652 2300 25.

138 2320 337 2374 Theogn.
369 2321 469 2363 336.
530 2321 734 2364 Profecto
770 2327 814 2364 et
843 2322 961 2363 nuda
990 2321 1163 2375 copula,
1201 2323 1246 2360 et
1279 2319 1358 2359 illo
1388 2315 1561 2374 quidem
1584 2328 1654 2357 or-

136 2383 263 2427 nata,
282 2379 491 2428 offendet,
514 2383 557 2422 et
576 2381 696 2422 dicta
715 2384 858 2435 poetae
879 2380 1042 2435 partim
1075 2377 1244 2431 frigida
1275 2376 1438 2431 partim
1467 2383 1651 2429 operose

134 2437 316 2490 quaesita
351 2440 396 2478 et
423 2439 581 2492 putida
616 2439 896 2480 videbuntur.
971 2435 1132 2478 Melior
1169 2439 1287 2476 certe
1321 2434 1437 2475 ratio
1476 2433 1651 2475 videtur

132 2495 381 2548 quaerenda,
402 2508 457 2537 ne
489 2509 667 2551 operam
688 2497 836 2538 ludere
857 2496 912 2537 ab
944 2495 1031 2536 illis
1050 2495 1263 2545 dicamur,
1294 2491 1331 2532 si
1361 2492 1504 2544 quiet
1532 2502 1650 2532 nunc

132 2558 250 2601 sunt,
270 2554 346 2606 qui
368 2555 629 2608 particulam
651 2571 692 2595 τε
724 2559 901 2596 tantum
933 2553 978 2594 in
1011 2553 1193 2594 auribus
1225 2551 1526 2597 inhaerescere,
1557 2559 1648 2590 non

131 2612 178 2652 in
199 2611 395 2653 ani-mum
430 2616 660 2666 penetrare
679 2614 826 2654 velint.
888 2610 992 2653 Dixi
1029 2611 1086 2651 ab
1116 2610 1262 2657 initio,
1297 2607 1416 2661 quod
1446 2607 1648 2648 homines

85 2711 90 2717 „
130 2669 374 2711 doctissimi
389 2671 586 2717 tradunt,
609 2671 888 2722 eam'ubique
909 2669 1070 2710 habere
1093 2669 1182 2709 vim
1211 2664 1462 2721 copulandi,
1492 2674 1646 2720 quam·-

131 2739 266 2782 quam
286 2729 424 2768 multa
448 2728 536 2768 sint
556 2729 668 2775 loca,
690 2729 766 2770 ubi
785 2733 839 2784 τῷ
860 2733 900 2768 et
920 2726 1078 2768 Latine
1099 2726 1210 2767 verti
1227 2737 1314 2766 non
1335 2723 1491 2778 possit.
1539 2719 1645 2762 Vim

130 2786 269 2840 igitur
301 2783 532 2841 copulandi
562 2786 695 2827 etiam
727 2788 773 2828 in
806 2786 912 2827 locis
946 2785 1096 2839 paullo
1127 2787 1231 2824 ante
1260 2782 1425 2824 notatis
1455 2778 1650 2842 aliisque

131 2843 359 2890 'tuebitur;
391 2841 467 2884 sed
481 2841 693 2891 hactenus,
721 2850 770 2885 ut
785 2841 1004 2899 sigm‘flcet
1038 2847 1219 2889 tantum,
1255 2853 1349 2882 cum
1382 2835 1647 2880 aaztecedentz

130 2900 311 2943 membro
333 2900 427 2952 ὅσον,
450 2907 526 2942 aut
557 2900 611 2950 ὃν,
637 2901 698 2941 ὅτε
733 2899 825 2942 ’ἔνθα
855 2907 932 2942 etc.
963 2913 1048 2942 esse
1087 2897 1352 2944 nectendum,
1372 2893 1468 2937 Sive
1495 2891 1649 2952 referri

126 2959 186 3003 ad
206 2957 406 3017 id,.quod
433 2956 580 3003 statim
615 2957 850 3010 antecessit,
875 2971 962 3002 non
983 2956 1200 3016 pertinere
1223 2954 1283 3001 ad
1307 2953 1529 3012 insequens
1553 2950 1643 2996 dic-
