1838 3164
175 121 234 167 82
719 134 916 175 ELLIPsls
937 133 1173 185 N0M1NQM.

175 235 265 294 περὶ
284 236 358 280 ταὶς
374 235 583 294 παρθένους
603 237 783 292 ἐχόντων.
843 236 966 280 Idem
996 250 1042 293 p.
1079 233 1174 277 101.
1207 231 1267 275 Οἵ
1286 231 1486 283 ”Awana
1511 231 1596 290 περὶ
1627 230 1691 274 τὸν

177 297 270 350 ἀέρα
303 296 460 349 ’ἔχοντες
489 294 556 336 καὶ
588 296 658 340 τ’ἧν
676 299 762 346 εγῆν.
784 309 821 350 ,8.
850 297 1018 338 ἑαυτούς.
1081 291 1277 346 [Longus
1315 304 1362 345 p.
1389 289 1485 348 108.
1507 290 1576 332 ed.
1597 288 1693 333 Vil-

178 353 275 394 lois.
298 353 380 409 περὶ
402 352 523 408 θήραν
545 350 629 406 εἶχε
650 358 826 403 λαγωῶν.
850 366 895 407 p.
923 352 1015 394 112.
1039 348 1139 402 ἀμφὶ
1161 347 1306 403 ἄριστον
1324 346 1442 402 εἶχον.
1503 346 1698 393 Basilius

177 411 224 451 in
245 409 421 452 Libanii
436 410 623 466 Epistol.
643 425 687 466 p.
712 411 808 453 722.
829 411 890 451 in.
913 408 970 450 Oi
990 407 1082 462 πρὸς
1098 405 1142 446 τὸ
1154 405 1253 460 ῥόδον
1272 406 1443 459 ἔχοντες,
1460 407 1511 447 ὥς
1529 403 1618 448 τοὺς
1631 414 1693 459 φι-

175 470 365 511 λοκάλους
384 470 489 511 εἰκός.
552 467 680 522 (Ibid.
704 482 805 510 mox
828 467 958 508 scrib.
992 477 1048 505 ex
1069 461 1229 505 Medic.
1262 462 1288 508 ἢ
1320 465 1436 518 τάχα
1454 479 1528 506 που
1547 480 1583 505 κ.
1604 463 1692 518 cm.)

177 525 496 582 Aristophanes
525 525 641 569 Ran.
679 539 721 567 v.
757 523 855 566 704.
884 522 948 563 καῖ
980 523 1093 563 ταῦτ’
1129 521 1286 575 ’ἔχοντες
1311 523 1494 571 κυμάτων
1514 522 1550 562 ἐν
1570 521 1698 570 0271&-

177 590 277 624 λαις.
297 598 340 626 v.
363 582 462 626 793.
486 583 574 635 ἕξειν
604 583 708 624 κατὰ
726 583 872 635 χώραν.
910 578 1134 633 Sonam]
1186 579 1260 620 Sic
1278 577 1524 634 Xenophon
1546 575 1606 620 K.
1627 576 1692 621 Π.

176 641 255 683 lib.
278 641 307 683 i.
329 655 375 696 p.
397 641 469 684 82.
499 644 691 682 κάλλιστοι
728 638 813 688 ἕξει.
848 651 882 678 S.
907 637 1040 678 ἑαυτά.
1064 669 1066 672 v
1100 634 1152 679 In
1186 635 1305 686 ἄγειν,
1332 635 1399 679 ire
1433 649 1533 680 cum
1555 636 1693 690 Signi-

177 698 292 740 ficat.
315 699 419 740 Joh.
441 700 503 740 Xi.
526 697 766 746 7.”Αγωμεν
786 696 838 736 εἷς
853 693 1061 736 Ἰουδαίαν.
1081 707 1114 736 S.
1137 693 1293 736 ἑαυτοὺς
1306 696 1337 737 l.
1357 695 1478 743 ἡμᾶς.
1539 693 1696 748 [Plene

178 752 426 811 Xenophon
445 755 607 810 Ephes.
629 767 674 809 p.
703 752 796 795 108.
818 752 883 793 καὶ
904 751 1041 794 σαυτὸν
1057 749 1130 796 ἤδη
1150 754 1240 808 παρ’
1257 751 1381 796 αὐτὴν
1405 751 1492 801 ἄγε.
1513 766 1562 808 p.
1593 751 1689 795 115.

178 812 243 853 καὶ
264 815 353 855 τότε
387 814 457 861 μὲν
483 810 620 854 αὐτοὺς
653 810 783 860 ἄγουσι
804 809 911 865 παραὶ
942 809 1006 851 τὸν
1037 809 1237 852 Λεύκωνα.
1270 809 1498 864 8οΗΑΕΡ.]
1557 809 1701 852 Plene.

177 868 427 926 Xenophon
447 869 606 925 Ephes.
640 870 715 910 lib.
748 869 796 909 ii.
830 881 876 922 p.
916 867 988 909 30.
1017 870 1066 909 ὡς
1102 866 1207 922 εἶχεν
1227 867 1359 910 ἑαυτὸν
1379 867 1442 910 ἐπὶ
1466 870 1556 918 «γῆς.
1617 866 1693 909 Sic

177 929 296 981 apud
330 928 512 970 Latinos
539 940 713 982 quoque
742 924 921 979 Ellipsis
953 926 1043 967 haec
1071 927 1353 981 perfrequens
1381 927 1612 980 reperitur,
1641 928 1694 968 ut

176 986 356 1028 omnino
391 986 501 1027 nihil
533 990 680 1037 agant,
712 985 790 1037 qui
828 982 1071 1036 Enallagen
1102 985 1149 1025 in
1169 985 1383 1037 ejusmodi
1405 985 1512 1026 locis
1533 983 1692 1025 admit-

174 1045 289 1084 tunt.
350 1042 501 1085 Livius
527 1042 604 1083 lib.
641 1043 762 1084 xxvi.
783 1055 880 1096 cap.
905 1040 946 1083 6.
979 1040 1049 1086 Εα
1073 1039 1320 1095 ludzficatio
1337 1040 1441 1089 veri,
1474 1039 1628 1096 etipsa
1645 1038 1695 1082 in

172 1112 317 1142 verum
336 1099 473 1143 vertit.
533 1099 711 1141 Tacitus
730 1099 890 1141 Annal.
913 1100 991 1140 lib.
1013 1100 1069 1142 vi.
1089 1113 1183 1154 cap.
1215 1098 1287 1141 46.
1346 1097 1415 1141 Ne
1431 1110 1588 1141 nomen
1607 1096 1695 1140 Cae-

170 1170 313 1199 sarum
339 1157 390 1199 in
421 1156 657 1200 ludibrium
685 1162 727 1199 et
757 1155 1059 1199 contumeliam
1087 1162 1276 1204 verteret,
1307 1155 1532 1200 metuebat.
1593 1154 1694 1198 Vir-

167 1215 302 1265 gilius
321 1214 423 1256 AEn.
445 1217 524 1257 lib.
546 1229 591 1256 x.
614 1229 656 1257 v.
695 1214 788 1258 103.
828 1214 934 1257 Tum
954 1214 1140 1272 Zephyri
1198 1227 1352 1257 osuere.
1376 1229 1412 1257 s,
1435 1228 1498 1257 se.
1556 1212 1692 1256 Plene

172 1270 324 1313 Cicero
339 1274 411 1315 ad.
433 1274 519 1315 div.
538 1274 617 1314 lib.
639 1285 681 1314 v.
695 1287 763 1330 ep.
785 1275 818 1316 i.
858 1273 945 1324 Res
971 1287 1057 1317 sese
1074 1271 1137 1317 sic
1183 1271 1293 1316 abet.
1326 1273 1544 1315 Scnwsn.
1576 1271 1690 1314 Add.

170 1332 356 1372 eundem
377 1333 423 1373 in
442 1332 614 1386 praefat.
995 1356 1009 1365 κ
1695 1346 1697 1348 ·

228 1387 254 1414 *
285 1387 432 1431 Multa
447 1390 623 1443 quidem
642 1388 796 1430 omissi
827 1390 884 1431 hu
885 1391 958 1444 Jus
972 1388 1250 1431 Pronominis
1270 1388 1476 1443 exempla
1491 1386 1690 1436 Bossius,

170 1442 403 1489 Leisnerus
432 1451 475 1489 et
496 1446 770 1489 Bernholdus
802 1448 1101 1503 suppeditant.
1161 1446 1420 1502 Neglectam
1450 1449 1600 1487 autem
1628 1446 1693 1487 vi-

169 1504 252 1545 deo
266 1505 441 1560 ellipsin
462 1506 717 1560 possessivi,
753 1508 896 1560 quus,
913 1509 1014 1548 utut
1046 1505 1406 1560 frequentissima
1435 1504 1511 1552 sit,
1542 1516 1690 1545 exem-

170 1562 248 1615 pla
275 1567 424 1605 tamen
445 1565 511 1605 vel
532 1564 578 1605 in
599 1564 923 1605 adolescentum
943 1564 1132 1617 gratiam
1163 1562 1366 1604 addenda
1399 1565 1541 1603 erant.
1578 1559 1692 1603 Vide

169 1632 271 1673 ergo
304 1619 464 1663 Matth.
494 1635 537 1663 x.
568 1621 640 1663 37.
673 1621 766 1662 xix.
795 1621 868 1664 29.
896 1620 1000 1663 Luc.
1021 1622 1102 1663 xii.
1134 1620 1205 1663 53.
1244 1621 1261 1661 1
1297 1618 1400 1661 Cor.
1433 1619 1510 1661 vii.
1542 1617 1582 1660 7.
1604 1622 1689 1660 etc.

167 1672 219 1716 In
245 1676 371 1720 Novo
399 1679 680 1721 Testamento
713 1679 861 1733 hujus,
892 1684 941 1721 ut
974 1681 1159 1722 aliorum
1184 1678 1496 1733 pronominum
1524 1689 1693 1731 posses-

167 1734 380 1785 sivorum,
397 1739 565 1793 ellipsis
577 1738 795 1792 praecipue
814 1739 987 1780 obtinet
1006 1738 1062 1779 ad
1073 1737 1252 1790 ἀδελφὸς,
1268 1735 1434 1789 ἀδελφὴ,
1449 1732 1559 1789 ἀνὴρ,
1575 1733 1692 1783 «γυνθ»,

167 1791 258 1841 υἱὸς,
288 1797 333 1835 et
361 1796 449 1834 alia
479 1795 694 1847 quaedam,
735 1795 792 1836 ad
812 1809 912 1849 quae
935 1796 1172 1837 orientales
1202 1794 1423 1836 versiones
1447 1803 1691 1846 pronomen

167 1851 369 1904 supplere
404 1851 544 1893 disces
573 1866 628 1893 ex
657 1853 733 1892 cel.
769 1851 816 1892 J.
855 1852 907 1894 B.
944 1852 1191 1894 Michaelis*
1215 1851 1359 1893 Tract.
1394 1851 1491 1892 crit.
1521 1849 1576 1891 de
1594 1861 1688 1890 var.

166 1906 277 1966 lect.x
293 1906 349 1949 N.
366 1907 417 1950 T.
439 1922 482 1963 p.
503 1907 572 1950 58.
634 1907 708 1949 Sic
727 1907 952 1951 Diodorus
975 1909 1148 1950 Siculus
1170 1910 1245 1950 lib.
1279 1909 1310 1949 i.
1342 1921 1388 1963 p.
1425 1906 1490 1949 16.
1519 1908 1692 1962 κυριεύειν

167 1964 240 2007 τὴν
255 1968 421 2013 «γυναῖκα
442 1965 611 2022 τάνδρὸς,
639 1966 728 2008 scil.
751 1968 887 2011 αὐτῆς.
950 1966 1148 2008 Marmor
1168 1965 1287 2021 apud
1309 1964 1530 2007 Smithum
1550 1977 1595 2019 p.
1615 1962 1689 2006 59.

169 2022 235 2077 υἱῷ
251 2021 424 2079 Ζωσίμῳ
441 2023 503 2064 καὶ
526 2027 646 2080 ἑαυτῇ
662 2023 726 2064 καὶ
746 2022 949 2081 Κορνηλίῳ
967 2023 1201 2081 Εὖτυχιοινῷ
1222 2023 1340 2079 ἀνδρί.
1403 2021 1535 2065 Plene
1556 2035 1597 2076 p.
1624 2020 1688 2063 18.

168 2078 234 2118 καὶ
265 2084 318 2135 τῇ
343 2083 576 2137 Ὑλυκυτοὶτῇ
598 2083 717 2123 αὑτοῦ
746 2083 907 2130 γυναικί.
947 2080 1169 2123 Hesiodus
1197 2080 1424 2134 Theogon.
1460 2079 1552 2122 180.
1577 2079 1693 2133 φίλου

170 2134 205 2174 δ’
228 2136 304 2178 α’πό
335 2137 464 2186 μήδεα
493 2140 652 2194 πατρός.
684 2143 729 2181 et
748 2138 850 2180 474.
875 2141 907 2180 οἷ
940 2139 979 2180 δὲ
1011 2138 1178 2195 θυγατρὶ
1198 2140 1295 2194 φίλῃ
1318 2139 1434 2187 μάλα
1455 2138 1526 2186 μὲν
1564 2138 1689 2178 κλύον.

168 2191 321 2236 Dubia
336 2196 555 2237 interdum
573 2210 642 2238 res
660 2201 744 2246 est,
767 2198 1031 2238 omissumne
1052 2198 1217 2238 censeri
1238 2196 1413 2244 debeat,
1434 2208 1515 2236 nec
1533 2207 1612 2236 ne:
1649 2206 1689 2236 v.

169 2263 207 2291 c.
223 2250 317 2293 Act.
340 2253 369 2294 i.
397 2252 464 2302 14,
523 2253 743 2297 Caeterum
762 2255 808 2296 in
830 2254 997 2296 Dativo
1019 2256 1154 2296 etiam
1174 2267 1276 2296 casu
1297 2252 1517 2296 omittitur
1543 2253 1692 2294 ἑαυτοῖς

171 2307 219 2350 in
232 2311 445 2365 προσέχειν.
478 2310 642 2354 Matth.
665 2313 740 2355 vii.
763 2312 830 2354 15.
850 2311 900 2354 F.
922 2312 999 2354 ST.

232 2408 260 2436 *ι
290 2391 618 2460 EPKAHMA,
650 2408 911 2461 CRIMEN,
943 2407 1065 2458 QUO
1095 2407 1238 2459 QUIS
1264 2406 1489 2452 AccUSA
1501 2406 1634 2452 TUR.

227 2480 280 2524 In
303 2482 363 2525 ἐπὶ
381 2484 574 2532 μεγίστοις
601 2488 747 2538 φεύγειν
780 2484 900 2540 apud
928 2484 1198 2539 Athenagor.
1220 2485 1375 2538 Legat.
1413 2497 1496 2539 pro
1519 2483 1702 2525 Christ.

170 2551 216 2593 p.
242 2539 308 2582 13.
332 2555 367 2583 S.
392 2542 625 2590 ἐγκλήμασι.
682 2542 847 2585 Vocem
879 2544 1065 2592 ’ἔγκλημα
1087 2544 1202 2585 idem
1225 2543 1356 2584 habet
1375 2555 1422 2597 p.
1450 2542 1513 2583 14.
1544 2538 1611 2596 Τῇ
1630 2549 1690 2594 φι-

169 2599 331 2651 λοσοφίᾳ
356 2600 688 2655 προστριψάμενος
717 2602 914 2649 ἔγκλημα.
976 2599 1094 2642 Idem
1127 2613 1173 2656 p.
1201 2600 1264 2642 15.
1295 2599 1408 2656 sz'czv
1436 2599 1688 2654 ἐπιφημίζον-

171 2671 224 2695 σιν
243 2656 336 2703 ’ἡμῖν
351 2657 602 2705 ἐγκλήματα.
664 2657 737 2700 Sic
760 2657 983 2700 Macarius
1006 2658 1177 2701 Homil.
1198 2672 1271 2701 XV.
1289 2671 1332 2714 p.
1350 2656 1451 2701 233.
1473 2655 1578 2700 ‘'Ort
1592 2671 1687 2696 κατ’·

170 2712 368 2770 ηγορήθης
389 2714 449 2755 ἐπὶ
474 2715 708 2764 ἐγκλήματι.
739 2715 958 2758 ScnwEB.
1192 2733 1203 2739 ·

738 2806 762 2831 *
789 2800 934 2851 ΕΓΩ,
965 2800 1099 2845 EGO.

226 2867 494 2917 Pro1201nina
510 2888 625 2929 saepe
642 2876 967 2918 subaudiuntur
987 2890 1042 2918 ex
1062 2878 1271 2919 contextu
1308 2873 1568 2931 supplenda,
1590 2854 1702 2929 post

170 2933 501 2990 praepositiones
540 2933 814 2990 potissimum
858 2934 955 2977 sine
992 2947 1117 2986 casu,
1156 2934 1225 2978 vel
1263 2933 1466 2978 absolute
1501 2932 1696 2989 positas.
