1838 3164
604 160 667 201 IN
694 158 896 201 GRAECA
923 158 1151 200 LINGUA.
1549 158 1628 201 193

126 271 349 326 adiiciam,
366 273 430 322 ὣς,
449 273 568 326 quod
587 272 848 318 Marklando
881 274 928 316 in
947 277 1138 316 mentem
1158 273 1290 326 venit,
1324 274 1505 329 poeticae
1541 274 1628 316 dic-

125 331 238 372 tioni
260 335 492 385 repugnat.
510 371 527 375 „
882 360 884 362 ·

183 387 286 430 Alio
306 389 434 430 modo
454 390 642 443 repetita
661 391 784 431 notio
821 389 883 431 sic
903 388 1112 436 abundat,
1143 394 1193 431 ut
1226 402 1314 431 non
1347 390 1520 444 integro
1550 391 1630 433 ali-

40 485 48 491 .
125 458 215 499 quo
233 447 457 493 vocabulo,
487 447 564 488 sed
595 449 722 500 parte
757 447 940 499 alicujus
976 446 1174 488 vocabuli
1210 449 1522 502 comprehensa
1556 450 1628 490 sit.

128 500 192 544 Ut
211 501 334 545 Iliad.
356 502 409 545 Ψ.
428 501 526 544 709.
569 500 647 543 *Αν
673 502 706 542 δ’
725 501 913 544 Ὀδυσεὺς
930 505 1152 551 πολύμητις
1181 506 1387 555 α’νίστάτό,ι
1413 506 1488 546 ubi
1523 518 1631 559 prae-

124 561 289 615 positio
309 561 355 602 in
389 562 568 602 ἀνίστατο
587 561 795 602 abundat.
856 562 957 605 Quo
991 561 1085 602 loco
1105 561 1260 603 adduci
1283 565 1422 616 possit
1453 562 1630 616 aliquis,

125 621 176 659 ut
197 617 239 658 δι’
267 615 380 667 ἄστυ,
399 618 516 672 quod
537 618 714 671 quidam
733 618 903 659 codices
936 618 1095 661 habent
1130 619 1176 660 in
1197 631 1323 660 versu
1356 633 1512 674 parum
1546 622 1633 661 ele-

126 675 266 728 ganti,
278 676 361 728 qui
380 675 542 728 legitur
561 674 681 716 Iliad.
701 676 757 716 A.
781 675 879 718 703.
905 674 1173 729 Ἀμφίσταντο
1192 675 1238 719 δὴ
1261 676 1375 725 ἄστυ,
1397 676 1633 733 διαπραθέειν

124 738 345 783 μεμαῶτες,
367 745 451 774 non
474 733 752 774 librariorum
783 746 931 774 errore
962 735 1174 788 scriptum
1203 737 1341 788 putet.
1402 733 1633 789 Euripides

125 789 172 830 in
195 789 502 831 Andromacha
520 804 608 832 ver.
630 788 725 831 613.
748 789 907 831 Παίδων
922 791 955 831 τ’
978 788 1140 832 ἄπαιδας
1151 796 1269 846 γραῦς
1283 790 1426 835 ἔθηκας
1439 794 1474 833 ἐν
1493 792 1632 841 δόμοις.
1642 782 1727 826 203

124 845 244 888 Nam
264 847 490 895 vocabula,
529 848 660 901 quale
681 851 747 888 est
778 846 909 895 ἄπαις,
941 848 1004 888 sic
1036 849 1238 902 usurpari
1269 850 1424 897 solent,
1456 853 1510 892 ut,
1541 850 1636 891 sola

124 909 349 947 remaneat
370 906 489 946 notio
509 905 783 959 privationis.
846 904 941 947 Nec
957 905 1189 947 dissimilia
1219 910 1320 947 sunt
1349 907 1475 955 talia,
1494 911 1546 948 ut
1566 909 1634 948 ἀπ’

123 960 333 1016 οὐρανόθεν,
366 974 465 1014 quae
505 963 634 1014 initio
667 962 874 1003 carebant
911 964 1179 1016 pleonasmo,
1211 975 1347 1014 quum
1382 965 1637 1006 adverbium

123 1019 200 1061 ἄπο
230 1019 419 1061 nondum
454 1021 500 1060 in
534 1020 888 1074 praepositionem
925 1021 1153 1061 vertisset:
1187 1020 1261 1061 sed
1300 1020 1380 1062 hoc
1402 1018 1638 1075 postquam

123 1075 292 1119 factum
312 1081 420 1128 erat,
455 1079 596 1130 magis
616 1078 869 1118 terminatio
904 1078 1179 1128 substantivi,
1216 1091 1349 1130 quam
1380 1080 1636 1132 praepositio

124 1135 260 1188 coepit
279 1135 516 1175 abundare.
576 1133 739 1175 Eodem
760 1135 888 1176 modo
909 1136 955 1176 in
979 1136 1062 1183 his,
1090 1137 1157 1176 ἀπ’
1174 1133 1310 1190 Ἀρεσφι,
1329 1137 1390 1176 ἐπ’
1405 1137 1634 1191 ἐσχαρόφινε

124 1203 227 1232 nam
246 1192 343 1232 ista‘
352 1192 608 1233 terminatio
628 1193 737 1232 nihil
759 1197 826 1233 est
846 1193 932 1233 nisi
963 1191 1002 1232 δι
1023 1193 1110 1233 alio
1131 1192 1259 1233 modo
1280 1195 1632 1246 pronunciatum.

123 1245 254 1290 Unde
292 1250 517 1290 verissime
546 1250 823 1301 grammatici
845 1251 962 1301 νόσφιν
996 1262 1076 1302 pro
1104 1250 1249 1301 νοστόφι
1277 1251 1363 1291 dici
1385 1251 1633 1292 observant.

123 1303 343 1360 Usurpari
371 1310 521 1347 tamen
542 1307 628 1346 ista
646 1306 804 1346 deinde
824 1319 903 1359 pro
924 1308 1129 1359 genitivis
1150 1311 1375 1359 coeperunt
1397 1321 1407 1347 :
1440 1312 1489 1349 ut
1509 1306 1635 1349 Iliad.

123 1362 183 1405 N.
217 1362 315 1404 588.
362 1362 444 1404 εΩς
476 1362 508 1402 δ’
546 1363 603 1403 ὅτ’
639 1362 714 1403 ἀπὸ
755 1365 927 1403 πλατέος
966 1365 1138 1416 πτυόφιν.
1211 1362 1369 1417 Colligi
1403 1368 1549 1418 potest
1582 1378 1636 1407 ex

122 1420 374 1474 huJusmodi
409 1420 640 1473 exemplis,
675 1420 828 1461 eodem
869 1420 1086 1461 trahenda
1119 1433 1212 1462 esse
1246 1422 1369 1474 talia,
1401 1426 1452 1464 ut
1480 1424 1634 1469 μᾶλλον

123 1476 369 1533 ἐνδικώτερος,
382 1476 483 1518 οὐδὲν
505 1476 551 1518 ἕν.

352 1575 468 1619 XIV.
500 1574 570 1617 De
585 1574 658 1628 iis,
684 1575 761 1632 qui
781 1575 901 1633 falso
919 1574 1163 1619 Pleona-smz‘
1184 1574 1402 1620 habentur.

195 1651 281 1694 Sed
329 1652 437 1693 satis
486 1650 727 1691 indicatum
763 1650 951 1697 videtur,
991 1651 1067 1703 qui
1107 1651 1196 1691 veri
1239 1651 1328 1692 sint
1375 1651 1633 1705 pleonasmi.

125 1708 255 1754 Nunc
274 1710 426 1764 paucis
445 1708 542 1749 illos
578 1707 1031 1754 commemorabimus,
1062 1708 1139 1762 qui
1158 1707 1272 1748 falso
1302 1709 1348 1748 in
1369 1710 1635 1762 pleonasmis

125 1771 437 1809 numerantur:
470 1766 517 1806 in
539 1778 626 1817 quo
646 1777 803 1818 genere
838 1764 1096 1818 explicando
1119 1777 1254 1817 quum
1289 1768 1406 1806 totus
1438 1770 1636 1808 versetur

124 1824 314 1867 Weiskii
331 1825 457 1871 liber,
473 1835 739 1876 quamquam
760 1822 835 1862 ille
851 1834 991 1876 pauca
1010 1822 1063 1862 de
1083 1822 1232 1863 multis
1247 1823 1634 1876 comprehendens,

126 1884 344 1926 malumus
365 1882 480 1922 hunc
499 1893 670 1922 omnem
699 1881 858 1927 locum,
879 1879 956 1932 qui
990 1883 1056 1920 est
1075 1879 1129 1920 de
1161 1879 1273 1920 falso
1294 1880 1566 1934 pleonasmo,
1588 1883 1633 1922 in

78 1978 84 1984 ,
124 1942 285 1982 classes
305 1939 516 1993 quasdam
537 1938 795 1985 describere,
817 1950 949 1990 quam
968 1937 1142 1989 singula
1162 1937 1363 1991 exempla
1389 1939 1634 1991 verborum,

126 2012 224 2052 quae
254 1997 474 2039 abundare
506 1997 637 2050 vulgo
662 1995 913 2041 creduntur,
936 1995 1217 2047 perscrutari.
1279 1993 1556 2048 Quamquam
1588 1986 1729 2037 in204

127 2057 283 2097 horum
333 2067 504 2107 quoque
554 2053 844 2106 explicatione
890 2051 1005 2092 haud
1050 2064 1189 2106 pauca
1230 2055 1347 2100 sunt,
1394 2054 1439 2093 in
1472 2054 1634 2106 quibus

126 2126 157 2155 a
187 2112 390 2155 Weiskio
424 2110 730 2152 discedendum
765 2114 987 2164 putamus,
1007 2113 1057 2149 ut
1087 2109 1237 2151 statim
1258 2110 1304 2150 in
1338 2110 1420 2158 his,
1451 2123 1548 2164 quae
1580 2112 1635 2152 de

124 2172 378 2225 pleonasmo
403 2169 578 2210 articuli
599 2168 767 2214 scribit,
798 2168 874 2208 ubi
894 2179 1026 2219 quum
1049 2167 1138 2207 alia
1158 2167 1380 2215 miramur,
1409 2171 1505 2208 tum
1535 2168 1633 2217 hoc,

124 2228 242 2282 quod
262 2242 307 2283 p.
329 2227 399 2269 23.
419 2227 465 2267 in
486 2223 788 2279 Xenophontis
821 2225 896 2265 lib.
920 2224 983 2265 iii.
1006 2224 1058 2265 de
1093 2224 1371 2265 institutione
1403 2223 1505 2277 Cyri
1536 2238 1631 2279 cap.

125 2286 170 2335 3,
191 2283 233 2326 4.
246 2284 308 2326 τόν
329 2283 442 2339 ἄνδρα
473 2281 618 2331 ἀγαθὸν
650 2281 799 2323 Graece
833 2282 917 2322 dici
951 2281 1145 2335 potuisse
1175 2285 1319 2335 putat,
1350 2282 1513 2323 talibus
1542 2283 1632 2324 for-

124 2347 242 2384 tasse
262 2336 369 2383 locis
386 2341 612 2390 adductus,
644 2340 786 2392 qualis
818 2339 889 2380 hic
908 2337 1140 2392 Sophoclis
1172 2342 1238 2379 est
1273 2340 1319 2379 in
1348 2337 1504 2380 Trach.
1528 2338 1629 2381 936.

129 2397 334 2441 Kaira-aii&
357 2401 375 2438 ὃ
393 2401 489 2441 ’σταῖς
509 2397 684 2440 δύστηνος
705 2397 781 2436 οὔτ’
813 2396 1030 2452 ὀδυρμάτων
1045 2394 1242 2436 'Enim-ff
1265 2395 1376 2437 οὐδέν.
1438 2395 1524 2438 Sed
1541 2398 1631 2439 ista

126 2457 425 2510 relinquamus
444 2455 545 2496 aliis
564 2454 881 2509 perpendenda.

183 2513 240 2555 Et
279 2513 503 2567 quoniam·
522 2524 656 2566 supra
688 2512 971 2562 ostendimus,
1002 2523 1152 2552 verum
1185 2512 1486 2565 pleonasmum
1517 2525 1628 2560 esse,

127 2585 215 2624 quo
234 2571 400 2624 aliquid
426 2571 487 2611 sic
516 2569 716 2621 addatur,
746 2569 791 2608 id
819 2572 869 2609 ut
889 2569 1019 2622 plane
1050 2581 1136 2609 non
1167 2570 1398 2621 cogitetur,
1426 2573 1630 2623 apertum

126 2633 208 2678 est,
230 2629 342 2670 male
376 2628 421 2668 in
443 2627 708 2681 pleonasmis
732 2639 805 2667 eas
824 2626 1098 2678 loquutiones
1128 2627 1363 2674 numerari,
1399 2627 1445 2667 in
1466 2627 1630 2680 quibus

128 2687 188 2738 id,
211 2686 325 2740 quod
346 2685 567 2726 abundare
596 2687 791 2738 putatur,
822 2683 996 2725 etiamsi
1030 2684 1171 2724 omitti
1192 2684 1402 2738 potuerit,
1435 2685 1480 2724 in
1511 2685 1629 2736 cogi-

128 2746 341 2786 tationem
364 2747 512 2784 tamen
531 2742 650 2783 venit
670 2741 882 2783 additum.
942 2739 1111 2782 Harum
1128 2745 1274 2782 autem
1306 2742 1626 2794 loquutionum‚

125 2815 223 2856 quae
243 2801 407 2855 injuria
428 2800 474 2841 in
494 2799 757 2854 pleonasmis
773 2798 1002 2847 habentur,
1018 2799 1178 2840 classes
1198 2803 1404 2852 putamus
1419 2798 1627 2841 constitui

128 2872 258 2914 posse
277 2860 481 2913 quinque.
1239 2896 1245 2902 ,

185 2915 249 2958 Ac
266 2919 411 2971 prima
446 2915 596 2957 classis
626 2919 692 2957 est
724 2915 1017 2962 verbositatis,
1051 2916 1101 2956 ut
1129 2914 1348 2968 πολεμίξειν
1375 2914 1439 2957 ἡδὲ
1473 2915 1628 2967 μάχεσ-

130 2971 216 3023 θαι,
235 2974 419 3031 ’ἡγήτορες
437 2973 503 3019 ἡδὲ
523 2973 711 3029 μέδοντες,
730 2971 892 3019 θάνατόν
914 2989 955 3016 τε
975 2973 1086 3030 μόρον
1105 2989 1163 3017 τε.
1223 2970 1452 3058 Ευνξκρὶάθε
1472 2970 1628 3016 Phoen.

1373 3044 1401 3073 o
