1838 3164
282 442 486 516 sm
506 415 765 516 enm
833 434 1513 516 PLEONASMI‘

203 560 206 563 *
536 605 948 666 SECUNDUM
976 607 1254 665 PARTES

147 750 152 756 '
194 754 601 818 ORATIONIS
638 719 1056 820 ENUMERATI
1091 760 1178 820 ΕΤ
1213 761 1557 821 Exposrrr.

517 1132 920 1179 PLEONASMUS
951 1130 1251 1179 ARTICULI.

126 1267 165 1314 l·
197 1251 337 1319 HIC
369 1276 586 1319 redundat
619 1290 752 1332 saepe,
782 1277 821 1318 si
850 1277 905 1318 de
932 1289 1064 1319 sensu
1099 1276 1217 1318 nude
1250 1276 1396 1330 logico
1429 1280 1478 1321 ot
1505 1289 1649 1332 popu·

121 1335 208 1378 lari
243 1347 432 1389 quaeras,
467 1347 683 1387 usumque
714 1335 905 1376 aliarum
938 1335 1194 1388 linguarum
1224 1347 1468 1390 compares.
1526 1334 1651 1379 Nam

151 1393 320 1436 Iuribus
360 1391 416 1434 de
455 1405 508 1434 eo
544 1391 863 1446 philosophari,
900 1404 929 1434 a
978 1395 1129 1434 nostro
1173 1393 1381 1435 instituto
1418 1393 1647 1437 abhorret.

117 1405 268 1493 guile
292 1450 394 1502 quis
433 1450 572 1491 sentit
601 1451 644 1491 et
679 1450 908 1502 intelligit,
942 1449 1048 1491 licet
1078 1450 1279 1492 involuta
1312 1450 1509 1499 notione,
1542 1462 1649 1493 eum

117 1508 347 1551 inventum
365 1520 463 1549 esse
483 1507 541 1550 ad
560 1508 742 1548 nomina
762 1508 1050 1562 appellativa,
1071 1509 1162 1549 sive
1182 1508 1455 1550 universalia
1478 1509 1650 1557 omnia,

119 1565 179 1607 ad
196 1577 336 1607 unum
355 1565 537 1623 plurave
561 1565 791 1607 individua
822 1569 901 1607 aut
931 1566 988 1607 ad
1009 1565 1200 1620 speciem
1234 1567 1480 1608 revocanda
1507 1571 1554 1608 et
1581 1575 1652 1609 re-

120 1622 395 1676 stringenda.
455 1621 629 1664 Primus
648 1623 788 1675 igitur
806 1623 1088 1677 pleonasmus
1108 1626 1176 1665 est
1194 1625 1370 1666 articuli
1391 1624 1647 1668 nominibus

120 1680 351 1733 hominum
386 1680 584 1735 propriis
618 1680 859 1734 praepositi.
937 1679 1084 1722 Natus
1114 1693 1171 1722 ex
1204 1693 1258 1722 eo
1291 1681 1481 1734 videtur,
1523 1683 1650 1735 quod

119 1737 375 1789 Graeeorum
404 1738 586 1779 nomina
606 1740 724 1778 notae
740 1741 844 1779 sunt
861 1738 1217 1791 significationis,
1235 1741 1281 1779 et
1299 1739 1480 1793 proprie
1497 1741 1649 1795 appel-

116 1794 270 1839 lativa.
330 1794 418 1837 Sed
435 1799 631 1838 ceterum
649 1795 698 1835 in
717 1794 800 1837 hoc
818 1796 915 1849 eJus
934 1809 1015 1837 usu
1036 1808 1126 1838 non
1142 1796 1348 1838 videntur
1366 1800 1647 1841 certam‘esse

118 1855 256 1901 secuti
274 1854 430 1906 legem.

47 1952 52 1959 ‚
175 1910 220 1953 2.
251 1909 371 1953 Loca
389 1911 478 1953 duo
516 1910 731 1952 habemus
761 1911 879 1966 apud
910 1908 1253 1965 Xenophontem
1282 1909 1369 1953 sibi
1400 1912 1646 1962 simillima,

119 1980 307 2022 quorum
339 1969 387 2010 in
416 1969 711 2010 translatione
754 1970 792 2010 si
832 1969 1062 2012 articulum
1098 1969 1232 2023 plane
1268 1970 1486 2023 negligas,
1529 1970 1646 2013 nihil

119 2026 219 2068 vitii
239 2025 607 2081 deprehendetur.
668 2025 795 2068 Prior
811 2031 879 2068 est
909 2024 1013 2079 Cyri
1033 2025 1156 2068 Disc.
1191 2027 1260 2068 iii.
1294 2026 1339 2079 3,
1356 2026 1401 2069 4.
1423 2027 1489 2069 καὶ
1514 2031 1549 2070 οἱ
1570 2027 1648 2070 ἄλ-

118 2091 178 2125 λοι
198 2084 342 2126 πάντες
375 2082 566 2140 ἅνθρωποι
597 2082 982 2139 (συμπροῦπεμπον),
1019 2087 1296 2126 ἀνακαλοῦντες
1326 2084 1391 2126 τὸν
1424 2087 1644 2141 εὐεργέτην,

118 2139 183 2182 τὸν
216 2140 332 2196 ἄνδρα
366 2141 429 2183 τὸν
463 2140 625 2191 ἀγαθόν.
698 2140 807 2184 Haec
836 2142 1060 2183 commode
1085 2143 1148 2184 sie
1178 2145 1347 2183 vertas:
1391 2141 1543 2196 Etiam
1576 2157 1646 2186 ce-

117 2197 202 2241 teri
218 2197 411 2243 homines
430 2211 573 2242 omnes
601 2212 699 2241 eum
723 2198 938 2254 prosecuti
965 2198 1209 2244 vocitabant
1233 2205 1478 2256 eum-getam
1508 2207 1551 2244 et
1577 2201 1645 2244 vi·

116 2269 214 2299 rwm
301 2257 468 2300 timum.
543 2257 631 2299 Sed
670 2258 942 2311 aliquantum
991 2257 1223 2310 gravitatis
1260 2259 1393 2312 perit.
1479 2257 1604 2301 Nam
1621 2261 1643 2302 ὅ

117 2316 241 2370 soeg-y.
287 2328 387 2358 eum
415 2315 624 2370 articulo)
654 2318 739 2364 est,
765 2314 839 2357 cui
867 2328 962 2356 vere
989 2320 1032 2356 et
1054 2313 1232 2372 proym'e
1260 2314 1458 2372 competit
1488 2330 1643 2363 nomen

115 2378 352 2427 euergetoe5
401 2377 447 2415 et
482 2386 562 2415 nos
599 2373 798 2415 dicamus
842 2372 918 2415 der
954 2371 1096 2415 wahre
1132 2371 1345 2429 Evergeta
1363 2388 1382 2422 ,·
1430 2373 1528 2416 dem
1564 2374 1642 2417 der

117 2426 255 2472 Name
282 2429 337 2472 E.
372 2442 420 2471 so
448 2430 564 2472 recht
595 2428 828 2486 cigentlz'clz
866 2428 1095 2472 zulcommt.
1163 2429 1215 2472 In
1249 2432 1392 2474 altero
1416 2438 1640 2475 commate

114 2487 333 2541 repetitur
352 2488 578 2536 articulus,
598 2493 649 2530 ut
667 2492 839 2543 pateat,
858 2487 1008 2536 ἀγαθὸν
1036 2501 1134 2530 esse
1160 2489 1419 2543 primarium
1438 2491 1637 2533 verbum.

116 2542 159 2586 Is
180 2546 327 2587 sinon
355 2549 472 2586 esset
501 2546 571 2586 bis
603 2547 792 2600 positus,
821 2547 942 2586 locus
972 2550 1018 2587 et
1051 2546 1288 2600 ambiguus
1322 2550 1439 2589 osset
1467 2552 1514 2590 et
1542 2550 1641 2591 lan·

114 2602 291 2655 guidus.
348 2602 467 2643 Nam
502 2604 596 2644 sive
628 2604 795 2645 diceres
821 2605 844 2643 ὅ
871 2606 939 2652 ἀνγ.
973 2603 1066 2660 ἀνὴρ
1093 2605 1187 2646 sive
1217 2607 1236 2645 ὁ
1256 2604 1351 2661 ἀνὴρ
1382 2604 1550 2656 ἀγαθὸς,
1578 2606 1640 2648 ad

25 2703 29 2705 ,
113 2662 256 2702 solum
276 2660 606 2703 substantivum
623 2660 742 2702 trahi
762 2665 914 2715 posset
931 2661 1160 2710 articulus,
1182 2666 1229 2704 et
1257 2664 1321 2704 sic
1334 2664 1535 2711 ‚maxima
1563 2665 1636 2706 vis

114 2717 288 2760 detrahi
307 2718 470 2760 verbis.
531 2717 656 2759 Alter
675 2719 797 2760 loeus
816 2722 886 2760 est
913 2716 1026 2772 Exp.
1049 2719 1151 2774 Cyri
1174 2722 1231 2762 vi.
1253 2718 1294 2770 6,
1314 2720 1358 2762 7.
1419 2720 1478 2762 Οἱ
1498 2721 1537 2763 δὲ
1557 2721 1632 2763 ἄλ-

112 2782 195 2818 λοι.
208 2803 221 2818 .
236 2803 249 2818 .
264 2777 518 2831 ,ἐπιχειροῦσι
545 2777 706 2823 βάλλειν
739 2776 802 2818 τὸν
834 2773 1054 2826 Δέξιππον,
1089 2780 1368 2820 ἀνακαλοῦντες
1399 2777 1464 2820 τὸν
1491 2778 1632 2835 προδό-

115 2846 201 2876 την.
272 2832 433 2875 Vertas
466 2834 570 2875 licet
585 2829 598 2873 ':
642 2832 782 2875 Ceteri
809 2846 957 2875 vero..
973 2835 1143 2891 ..jactu
1180 2834 1357 2878 telorum
1388 2834 1450 2877 D.
1483 2843 1633 2893 petere

114 2890 441 2948 aggrediuntur,
464 2904 560 2933 cum
577 2890 757 2933 clamore
783 2890 1045 2948 appellantes
1058 2891 1331 2949 proditorem.
1391 2893 1494 2936 Non
1517 2895 1634 2937 male

114 2948 196 3001 sic.
255 2949 358 2995 Sed
375 2953 423 2995 et
461 2949 503 2992 h.
537 2949 567 2993 1.
595 2950 850 3008 praemissus
888 2951 1099 2998 articulus
1127 2951 1318 3009 προδότην
1357 2951 1470 3002 facit
1507 2951 1634 3006 einen
