<?xml version="1.0" encoding="UTF-8"?>
<!DOCTYPE html PUBLIC "-//W3C//DTD XHTML 1.0 Transitional//EN"
    "http://www.w3.org/TR/xhtml1/DTD/xhtml1-transitional.dtd">
<html xmlns="http://www.w3.org/1999/xhtml" xml:lang="en" lang="en">
 <head>
  <title>
</title>
<meta http-equiv="Content-Type" content="text/html;charset=utf-8" />
  <meta name='ocr-system' content='tesseract 3.04.00' />
  <meta name='ocr-capabilities' content='ocr_page ocr_carea ocr_par ocr_line ocrx_word'/>
</head>
<body>
  <div class='ocr_page' id='page_1' title='image "./ellipsesgraecaec00bosluoft_0794.png"; bbox 0 0 1838 3164; ppageno 0'>
   <div class='ocr_carea' id='block_1_1' title="bbox 176 141 1323 202">
    <p class='ocr_par' dir='ltr' id='par_1_1' title="bbox 176 141 1323 202">
     <span class='ocr_line' id='line_1_1' title="bbox 176 141 1323 202; baseline 0.003 -5"><span class='ocrx_word' id='word_1_1' title='bbox 176 153 257 198; x_wconf 83' lang='lat'><strong>188</strong></span> <span class='ocrx_word' id='word_1_2' title='bbox 557 161 631 201; x_wconf 83' lang='lat' dir='ltr'><strong>DE</strong></span> <span class='ocrx_word' id='word_1_3' title='bbox 659 161 866 202; x_wconf 81' lang='lat' dir='ltr'>ELLIPSI</span> <span class='ocrx_word' id='word_1_4' title='bbox 895 160 966 200; x_wconf 81' lang='lat' dir='ltr'><strong>ET</strong></span> <span class='ocrx_word' id='word_1_5' title='bbox 991 141 1323 201; x_wconf 78' lang='lat' dir='ltr'><strong>PLEoNAsMo</strong></span> 
     </span>
    </p>
   </div>
   <div class='ocr_carea' id='block_1_2' title="bbox 82 254 1671 444">
    <p class='ocr_par' dir='ltr' id='par_1_2' title="bbox 82 254 1671 444">
     <span class='ocr_line' id='line_1_2' title="bbox 171 254 1668 328; baseline 0.005 -16"><span class='ocrx_word' id='word_1_6' title='bbox 171 284 213 312; x_wconf 88' lang='lat' dir='ltr'><strong>v.</strong></span> <span class='ocrx_word' id='word_1_7' title='bbox 236 270 330 314; x_wconf 90' lang='grc'>615.</span> <span class='ocrx_word' id='word_1_8' title='bbox 382 254 539 316; x_wconf 58' lang='grc' dir='ltr'><strong>Εὐθέους</strong></span> <span class='ocrx_word' id='word_1_9' title='bbox 559 276 752 328; x_wconf 77' lang='grc' dir='ltr'>ὑπέσχετο</span> <span class='ocrx_word' id='word_1_10' title='bbox 770 273 846 315; x_wconf 80' lang='grc' dir='ltr'>Τὸν</span> <span class='ocrx_word' id='word_1_11' title='bbox 868 272 962 328; x_wconf 73' lang='grc' dir='ltr'>ἄνδρ’</span> <span class='ocrx_word' id='word_1_12' title='bbox 982 271 1166 326; x_wconf 78' lang='grc' dir='ltr'><em>Ἀχαιοῖς</em></span> <span class='ocrx_word' id='word_1_13' title='bbox 1199 273 1300 314; x_wconf 77' lang='grc' dir='ltr'>τόνδε</span> <span class='ocrx_word' id='word_1_14' title='bbox 1337 273 1513 318; x_wconf 71' lang='grc' dir='ltr'>δηλώσειν</span> <span class='ocrx_word' id='word_1_15' title='bbox 1547 274 1668 326; x_wconf 61' lang='grc' dir='ltr'>ἄγων·</span> 
     </span>
     <span class='ocr_line' id='line_1_3' title="bbox 82 327 1671 382; baseline 0.003 -9"><span class='ocrx_word' id='word_1_16' title='bbox 82 329 155 373; x_wconf 86' lang='grc'><strong>191</strong></span> <span class='ocrx_word' id='word_1_17' title='bbox 173 327 306 371; x_wconf 67' lang='lat' dir='ltr'><strong>Olba-ro</strong></span> <span class='ocrx_word' id='word_1_18' title='bbox 335 332 405 378; x_wconf 83' lang='grc' dir='ltr'>μὲν</span> <span class='ocrx_word' id='word_1_19' title='bbox 425 331 606 380; x_wconf 63' lang='grc' dir='ltr'>μάλισθ’,</span> <span class='ocrx_word' id='word_1_20' title='bbox 629 335 784 373; x_wconf 76' lang='grc' dir='ltr'>ἑκούσιον</span> <span class='ocrx_word' id='word_1_21' title='bbox 802 331 946 379; x_wconf 73' lang='grc' dir='ltr'>λαβὼν,</span> <span class='ocrx_word' id='word_1_22' title='bbox 968 329 1016 371; x_wconf 79' lang='grc' dir='ltr'><strong>ΕΞ</strong></span> <span class='ocrx_word' id='word_1_23' title='bbox 1045 331 1104 379; x_wconf 71' lang='grc' dir='ltr'><strong>μὴ</strong></span> <span class='ocrx_word' id='word_1_24' title='bbox 1126 329 1228 371; x_wconf 66' lang='grc' dir='ltr'>θέλοι</span> <span class='ocrx_word' id='word_1_25' title='bbox 1249 330 1301 379; x_wconf 73' lang='grc' dir='ltr'><strong>δ’,</strong></span> <span class='ocrx_word' id='word_1_26' title='bbox 1323 330 1475 374; x_wconf 72' lang='grc' dir='ltr'>ἄκοντα.</span> <span class='ocrx_word' id='word_1_27' title='bbox 1507 332 1671 382; x_wconf 84' lang='lat' dir='ltr'><strong>Verum</strong></span> 
     </span>
     <span class='ocr_line' id='line_1_4' title="bbox 171 388 1666 444; baseline 0.005 -17"><span class='ocrx_word' id='word_1_28' title='bbox 171 399 227 427; x_wconf 91' lang='lat' dir='ltr'><strong>ne</strong></span> <span class='ocrx_word' id='word_1_29' title='bbox 248 388 293 428; x_wconf 91' lang='lat' dir='ltr'><strong>in</strong></span> <span class='ocrx_word' id='word_1_30' title='bbox 316 389 384 430; x_wconf 91' lang='lat' dir='ltr'><strong>his</strong></span> <span class='ocrx_word' id='word_1_31' title='bbox 403 391 576 442; x_wconf 91' lang='lat' dir='ltr'><strong>quidem</strong></span> <span class='ocrx_word' id='word_1_32' title='bbox 599 391 690 431; x_wconf 92' lang='lat' dir='ltr'><strong>ulla</strong></span> <span class='ocrx_word' id='word_1_33' title='bbox 710 391 874 443; x_wconf 85' lang='lat' dir='ltr'>ellipsis</span> <span class='ocrx_word' id='word_1_34' title='bbox 895 392 976 434; x_wconf 88' lang='lat' dir='ltr'><strong>est,</strong></span> <span class='ocrx_word' id='word_1_35' title='bbox 993 389 1096 441; x_wconf 90' lang='lat' dir='ltr'><strong>quia</strong></span> <span class='ocrx_word' id='word_1_36' title='bbox 1116 389 1340 443; x_wconf 86' lang='lat' dir='ltr'><strong>optativus</strong></span> <span class='ocrx_word' id='word_1_37' title='bbox 1370 402 1448 444; x_wconf 89' lang='lat' dir='ltr'><strong>per</strong></span> <span class='ocrx_word' id='word_1_38' title='bbox 1468 405 1515 433; x_wconf 89' lang='lat' dir='ltr'><strong>se</strong></span> <span class='ocrx_word' id='word_1_39' title='bbox 1534 392 1666 434; x_wconf 83' lang='lat' dir='ltr'>index</span> 
     </span>
    </p>
   </div>
   <div class='ocr_carea' id='block_1_3' title="bbox 170 446 1665 558">
    <p class='ocr_par' dir='ltr' id='par_1_3' title="bbox 170 446 1665 558">
     <span class='ocr_line' id='line_1_5' title="bbox 170 446 1554 501; baseline 0.012 -16"><span class='ocrx_word' id='word_1_40' title='bbox 170 448 234 486; x_wconf 90' lang='lat' dir='ltr'><strong>est</strong></span> <span class='ocrx_word' id='word_1_41' title='bbox 255 446 407 487; x_wconf 89' lang='lat' dir='ltr'><strong>alienae</strong></span> <span class='ocrx_word' id='word_1_42' title='bbox 429 448 669 490; x_wconf 87' lang='lat' dir='ltr'><strong>sententiae.</strong></span> <span class='ocrx_word' id='word_1_43' title='bbox 1550 500 1554 501; x_wconf 19' lang='lat'><em>⁷</em></span> 
     </span>
     <span class='ocr_line' id='line_1_6' title="bbox 225 501 1665 558; baseline 0.003 -15"><span class='ocrx_word' id='word_1_44' title='bbox 225 501 532 558; x_wconf 84' lang='lat' dir='ltr'><strong>Progredimur</strong></span> <span class='ocrx_word' id='word_1_45' title='bbox 563 506 747 557; x_wconf 91' lang='lat' dir='ltr'><strong>denique</strong></span> <span class='ocrx_word' id='word_1_46' title='bbox 772 503 826 544; x_wconf 90' lang='lat' dir='ltr'><strong>ad</strong></span> <span class='ocrx_word' id='word_1_47' title='bbox 853 503 1026 557; x_wconf 85' lang='lat' dir='ltr'><strong>ellipsin</strong></span> <span class='ocrx_word' id='word_1_48' title='bbox 1059 503 1372 558; x_wconf 83' lang='lat' dir='ltr'><strong>particularum</strong></span> <span class='ocrx_word' id='word_1_49' title='bbox 1403 505 1452 546; x_wconf 74' lang='grc' dir='ltr'><strong>ὣς</strong></span> <span class='ocrx_word' id='word_1_50' title='bbox 1481 510 1525 548; x_wconf 88' lang='lat' dir='ltr'><strong>et</strong></span> <span class='ocrx_word' id='word_1_51' title='bbox 1555 506 1665 558; x_wconf 80' lang='grc' dir='ltr'>ὥστε,</span> 
     </span>
    </p>
   </div>
   <div class='ocr_carea' id='block_1_4' title="bbox 156 560 1665 1304">
    <p class='ocr_par' dir='ltr' id='par_1_4' title="bbox 156 560 1665 1304">
     <span class='ocr_line' id='line_1_7' title="bbox 166 560 1664 617; baseline 0.003 -16"><span class='ocrx_word' id='word_1_52' title='bbox 166 560 214 601; x_wconf 92' lang='lat' dir='ltr'><strong>in</strong></span> <span class='ocrx_word' id='word_1_53' title='bbox 236 562 393 613; x_wconf 88' lang='lat' dir='ltr'><strong>quibus</strong></span> <span class='ocrx_word' id='word_1_54' title='bbox 413 562 498 604; x_wconf 90' lang='lat' dir='ltr'><strong>dici</strong></span> <span class='ocrx_word' id='word_1_55' title='bbox 522 564 593 604; x_wconf 88' lang='lat' dir='ltr'><strong>vix</strong></span> <span class='ocrx_word' id='word_1_56' title='bbox 615 566 774 617; x_wconf 87' lang='lat' dir='ltr'><strong>potest,</strong></span> <span class='ocrx_word' id='word_1_57' title='bbox 794 564 1005 613; x_wconf 88' lang='lat' dir='ltr'><strong>quantum</strong></span> <span class='ocrx_word' id='word_1_58' title='bbox 1028 573 1055 602; x_wconf 89' lang='lat' dir='ltr'><strong>a</strong></span> <span class='ocrx_word' id='word_1_59' title='bbox 1077 574 1177 602; x_wconf 88' lang='lat' dir='ltr'><strong>vero</strong></span> <span class='ocrx_word' id='word_1_60' title='bbox 1197 563 1279 604; x_wconf 90' lang='lat' dir='ltr'><strong>viri</strong></span> <span class='ocrx_word' id='word_1_61' title='bbox 1302 563 1418 605; x_wconf 85' lang='lat' dir='ltr'><strong>docti</strong></span> <span class='ocrx_word' id='word_1_62' title='bbox 1439 564 1664 606; x_wconf 87' lang='lat' dir='ltr'><strong>aberrave-</strong></span> 
     </span>
     <span class='ocr_line' id='line_1_8' title="bbox 166 617 1663 675; baseline 0.004 -18"><span class='ocrx_word' id='word_1_63' title='bbox 166 617 270 659; x_wconf 88' lang='lat' dir='ltr'><strong>rint.</strong></span> <span class='ocrx_word' id='word_1_64' title='bbox 340 619 404 660; x_wconf 86' lang='lat' dir='ltr'><strong>Ac</strong></span> <span class='ocrx_word' id='word_1_65' title='bbox 441 621 583 674; x_wconf 74' lang='lat' dir='ltr'><strong>primo</strong></span> <span class='ocrx_word' id='word_1_66' title='bbox 614 633 748 673; x_wconf 90' lang='lat' dir='ltr'><strong>quum</strong></span> <span class='ocrx_word' id='word_1_67' title='bbox 787 619 832 658; x_wconf 91' lang='lat' dir='ltr'><strong>in</strong></span> <span class='ocrx_word' id='word_1_68' title='bbox 865 619 1188 672; x_wconf 87' lang='lat' dir='ltr'><strong>comparatione</strong></span> <span class='ocrx_word' id='word_1_69' title='bbox 1218 620 1364 660; x_wconf 87' lang='lat' dir='ltr'><strong>omitti</strong></span> <span class='ocrx_word' id='word_1_70' title='bbox 1404 626 1564 675; x_wconf 89' lang='lat' dir='ltr'><strong>putant</strong></span> <span class='ocrx_word' id='word_1_71' title='bbox 1597 620 1663 671; x_wconf 73' lang='grc' dir='ltr'><strong>ὣς,</strong></span> 
     </span>
     <span class='ocr_line' id='line_1_9' title="bbox 164 676 1664 730; baseline 0.004 -16"><span class='ocrx_word' id='word_1_72' title='bbox 164 676 339 717; x_wconf 83' lang='lat' dir='ltr'><strong>tant-um</strong></span> <span class='ocrx_word' id='word_1_73' title='bbox 360 677 501 724; x_wconf 84' lang='lat' dir='ltr'><strong>abest,</strong></span> <span class='ocrx_word' id='word_1_74' title='bbox 522 682 571 719; x_wconf 88' lang='lat' dir='ltr'><strong>ut</strong></span> <span class='ocrx_word' id='word_1_75' title='bbox 600 691 652 719; x_wconf 89' lang='lat' dir='ltr'><strong>ea</strong></span> <span class='ocrx_word' id='word_1_76' title='bbox 681 676 897 730; x_wconf 88' lang='lat' dir='ltr'><strong>particula</strong></span> <span class='ocrx_word' id='word_1_77' title='bbox 927 676 1171 723; x_wconf 82' lang='lat' dir='ltr'><strong>omittatur,</strong></span> <span class='ocrx_word' id='word_1_78' title='bbox 1202 681 1267 725; x_wconf 88' lang='lat' dir='ltr'><strong>ut,</strong></span> <span class='ocrx_word' id='word_1_79' title='bbox 1302 678 1378 718; x_wconf 91' lang='lat' dir='ltr'><strong>ubi</strong></span> <span class='ocrx_word' id='word_1_80' title='bbox 1413 680 1468 720; x_wconf 87' lang='lat' dir='ltr'><strong>iis</strong></span> <span class='ocrx_word' id='word_1_81' title='bbox 1493 678 1664 725; x_wconf 86' lang='lat' dir='ltr'><strong>videtur</strong></span> 
     </span>
     <span class='ocr_line' id='line_1_10' title="bbox 164 731 1665 791; baseline 0.004 -20"><span class='ocrx_word' id='word_1_82' title='bbox 164 733 341 784; x_wconf 89' lang='lat' dir='ltr'><strong>omissa,</strong></span> <span class='ocrx_word' id='word_1_83' title='bbox 361 747 416 775; x_wconf 91' lang='lat' dir='ltr'><strong>ne</strong></span> <span class='ocrx_word' id='word_1_84' title='bbox 445 735 546 776; x_wconf 91' lang='lat' dir='ltr'><strong>addi</strong></span> <span class='ocrx_word' id='word_1_85' title='bbox 577 735 751 787; x_wconf 88' lang='lat' dir='ltr'><strong>quidem</strong></span> <span class='ocrx_word' id='word_1_86' title='bbox 780 734 987 787; x_wconf 85' lang='lat' dir='ltr'><strong>potuerit.</strong></span> <span class='ocrx_word' id='word_1_87' title='bbox 1057 731 1121 774; x_wconf 87' lang='lat' dir='ltr'><strong>Ut</strong></span> <span class='ocrx_word' id='word_1_88' title='bbox 1160 734 1206 775; x_wconf 92' lang='lat' dir='ltr'><strong>in</strong></span> <span class='ocrx_word' id='word_1_89' title='bbox 1241 735 1324 777; x_wconf 88' lang='lat' dir='ltr'><strong>isto</strong></span> <span class='ocrx_word' id='word_1_90' title='bbox 1354 734 1665 791; x_wconf 82' lang='lat' dir='ltr'><strong>Aristophanis</strong></span> 
     </span>
     <span class='ocr_line' id='line_1_11' title="bbox 162 788 1662 847; baseline 0.005 -19"><span class='ocrx_word' id='word_1_91' title='bbox 162 788 274 837; x_wconf 90' lang='lat' dir='ltr'><strong>loco,</strong></span> <span class='ocrx_word' id='word_1_92' title='bbox 324 790 382 831; x_wconf 81' lang='grc' dir='ltr'><strong>Σὺ</strong></span> <span class='ocrx_word' id='word_1_93' title='bbox 402 791 436 830; x_wconf 80' lang='grc' dir='ltr'><strong>δ’</strong></span> <span class='ocrx_word' id='word_1_94' title='bbox 464 792 718 846; x_wconf 79' lang='grc' dir='ltr'>Ἀρίστυλλος</span> <span class='ocrx_word' id='word_1_95' title='bbox 752 792 981 842; x_wconf 70' lang='grc' dir='ltr'>ὑποχάσκων</span> <span class='ocrx_word' id='word_1_96' title='bbox 1018 791 1123 845; x_wconf 81' lang='grc' dir='ltr'>ἐρεῖς,</span> <span class='ocrx_word' id='word_1_97' title='bbox 1146 804 1231 832; x_wconf 91' lang='lat' dir='ltr'><strong>non</strong></span> <span class='ocrx_word' id='word_1_98' title='bbox 1253 792 1322 833; x_wconf 90' lang='lat' dir='ltr'><strong>hic</strong></span> <span class='ocrx_word' id='word_1_99' title='bbox 1341 797 1409 847; x_wconf 79' lang='lat' dir='ltr'><strong>est</strong></span> <span class='ocrx_word' id='word_1_100' title='bbox 1428 807 1595 841; x_wconf 88' lang='lat' dir='ltr'><strong>sensus,</strong></span> <span class='ocrx_word' id='word_1_101' title='bbox 1617 800 1662 836; x_wconf 80' lang='lat' dir='ltr'><strong>tu</strong></span> 
     </span>
     <span class='ocr_line' id='line_1_12' title="bbox 164 845 1660 908; baseline 0.005 -22"><span class='ocrx_word' id='word_1_102' title='bbox 164 851 379 903; x_wconf 82' lang='lat' dir='ltr'><em>tamquam</em></span> <span class='ocrx_word' id='word_1_103' title='bbox 395 847 626 904; x_wconf 74' lang='lat' dir='ltr'><strong>Arz‘styllus</strong></span> <span class='ocrx_word' id='word_1_104' title='bbox 659 847 783 890; x_wconf 71' lang='lat' dir='ltr'><strong>hians</strong></span> <span class='ocrx_word' id='word_1_105' title='bbox 804 847 932 895; x_wconf 79' lang='lat' dir='ltr'><strong>dices,</strong></span> <span class='ocrx_word' id='word_1_106' title='bbox 954 848 1026 888; x_wconf 88' lang='lat' dir='ltr'><strong>sed</strong></span> <span class='ocrx_word' id='word_1_107' title='bbox 1047 845 1139 903; x_wconf 75' lang='lat' dir='ltr'><strong>ipse</strong></span> <span class='ocrx_word' id='word_1_108' title='bbox 1165 847 1260 895; x_wconf 74' lang='lat' dir='ltr'><strong>eris,</strong></span> <span class='ocrx_word' id='word_1_109' title='bbox 1282 862 1410 905; x_wconf 81' lang='lat' dir='ltr'><strong>quum</strong></span> <span class='ocrx_word' id='word_1_110' title='bbox 1432 849 1482 892; x_wconf 69' lang='grc' dir='ltr'><strong>ἰοί</strong></span> <span class='ocrx_word' id='word_1_111' title='bbox 1507 850 1660 908; x_wconf 78' lang='lat' dir='ltr'><strong>facies,</strong></span> 
     </span>
     <span class='ocr_line' id='line_1_13' title="bbox 161 901 1661 960; baseline 0.005 -17"><span class='ocrx_word' id='word_1_112' title='bbox 161 901 401 960; x_wconf 74' lang='lat' dir='ltr'><strong>Aristyllus.</strong></span> <span class='ocrx_word' id='word_1_113' title='bbox 461 905 550 954; x_wconf 89' lang='lat' dir='ltr'><strong>Sic,</strong></span> <span class='ocrx_word' id='word_1_114' title='bbox 577 911 735 960; x_wconf 86' lang='lat' dir='ltr'><strong>praeter</strong></span> <span class='ocrx_word' id='word_1_115' title='bbox 764 904 1011 953; x_wconf 80' lang='lat' dir='ltr'><strong>Homerica,</strong></span> <span class='ocrx_word' id='word_1_116' title='bbox 1047 905 1094 946; x_wconf 89' lang='lat' dir='ltr'><strong>in</strong></span> <span class='ocrx_word' id='word_1_117' title='bbox 1125 907 1294 948; x_wconf 84' lang='lat' dir='ltr'><strong>caeteris</strong></span> <span class='ocrx_word' id='word_1_118' title='bbox 1318 919 1489 959; x_wconf 91' lang='lat' dir='ltr'><strong>quoque</strong></span> <span class='ocrx_word' id='word_1_119' title='bbox 1519 922 1661 950; x_wconf 84' lang='lat' dir='ltr'><strong>exem-</strong></span> 
     </span>
     <span class='ocr_line' id='line_1_14' title="bbox 160 962 1660 1017; baseline 0.004 -16"><span class='ocrx_word' id='word_1_120' title='bbox 160 962 262 1014; x_wconf 89' lang='lat' dir='ltr'><strong>plis,</strong></span> <span class='ocrx_word' id='word_1_121' title='bbox 284 963 336 1003; x_wconf 92' lang='lat' dir='ltr'><strong>de</strong></span> <span class='ocrx_word' id='word_1_122' title='bbox 352 963 509 1014; x_wconf 91' lang='lat' dir='ltr'><strong>quibus</strong></span> <span class='ocrx_word' id='word_1_123' title='bbox 524 964 657 1017; x_wconf 88' lang='lat' dir='ltr'><strong>pudet</strong></span> <span class='ocrx_word' id='word_1_124' title='bbox 678 964 915 1017; x_wconf 87' lang='lat' dir='ltr'><strong>quidquam</strong></span> <span class='ocrx_word' id='word_1_125' title='bbox 935 963 1138 1015; x_wconf 86' lang='lat' dir='ltr'><strong>adjicere.</strong></span> <span class='ocrx_word' id='word_1_126' title='bbox 1197 962 1354 1011; x_wconf 84' lang='lat' dir='ltr'><strong>Miror,</strong></span> <span class='ocrx_word' id='word_1_127' title='bbox 1367 966 1483 1017; x_wconf 87' lang='lat' dir='ltr'><strong>quod</strong></span> <span class='ocrx_word' id='word_1_128' title='bbox 1503 965 1660 1007; x_wconf 79' lang='lat' dir='ltr'><strong>Sohae-</strong></span> 
     </span>
     <span class='ocr_line' id='line_1_15' title="bbox 160 1018 1662 1079; baseline 0.005 -21"><span class='ocrx_word' id='word_1_129' title='bbox 160 1018 279 1059; x_wconf 87' lang='lat' dir='ltr'><strong>ferus</strong></span> <span class='ocrx_word' id='word_1_130' title='bbox 302 1022 344 1060; x_wconf 79' lang='lat' dir='ltr'><strong>et</strong></span> <span class='ocrx_word' id='word_1_131' title='bbox 366 1020 435 1061; x_wconf 82' lang='lat' dir='ltr'><strong>hic</strong></span> <span class='ocrx_word' id='word_1_132' title='bbox 468 1026 512 1062; x_wconf 83' lang='lat' dir='ltr'><strong>et</strong></span> <span class='ocrx_word' id='word_1_133' title='bbox 534 1022 589 1062; x_wconf 80' lang='lat' dir='ltr'><strong>ad</strong></span> <span class='ocrx_word' id='word_1_134' title='bbox 610 1020 810 1073; x_wconf 83' lang='lat' dir='ltr'><strong>Longum</strong></span> <span class='ocrx_word' id='word_1_135' title='bbox 839 1021 885 1061; x_wconf 86' lang='lat' dir='ltr'><strong>in</strong></span> <span class='ocrx_word' id='word_1_136' title='bbox 905 1021 1084 1068; x_wconf 82' lang='lat' dir='ltr'><strong>talibus,</strong></span> <span class='ocrx_word' id='word_1_137' title='bbox 1107 1023 1155 1061; x_wconf 72' lang='lat' dir='ltr'><strong>ut</strong></span> <span class='ocrx_word' id='word_1_138' title='bbox 1190 1024 1266 1062; x_wconf 78' lang='grc' dir='ltr'><strong>τοῖς</strong></span> <span class='ocrx_word' id='word_1_139' title='bbox 1282 1020 1503 1071; x_wconf 76' lang='grc' dir='ltr'><em>τοξεύμασιν</em></span> <span class='ocrx_word' id='word_1_140' title='bbox 1521 1025 1662 1079; x_wconf 67' lang='grc' dir='ltr'>ἐχρῶν-</span> 
     </span>
     <span class='ocr_line' id='line_1_16' title="bbox 158 1077 1659 1133; baseline 0.004 -18"><span class='ocrx_word' id='word_1_141' title='bbox 158 1091 204 1115; x_wconf 81' lang='grc' dir='ltr'><strong>το</strong></span> <span class='ocrx_word' id='word_1_142' title='bbox 227 1077 420 1124; x_wconf 68' lang='grc' dir='ltr'>ἀκοντίοις,</span> <span class='ocrx_word' id='word_1_143' title='bbox 436 1079 606 1132; x_wconf 88' lang='lat' dir='ltr'><strong>ellipsin</strong></span> <span class='ocrx_word' id='word_1_144' title='bbox 628 1079 869 1119; x_wconf 78' lang='lat' dir='ltr'><strong>admiserit.</strong></span> <span class='ocrx_word' id='word_1_145' title='bbox 902 1077 1019 1119; x_wconf 86' lang='lat' dir='ltr'><strong>Nam</strong></span> <span class='ocrx_word' id='word_1_146' title='bbox 1039 1077 1143 1131; x_wconf 91' lang='lat' dir='ltr'><strong>quid</strong></span> <span class='ocrx_word' id='word_1_147' title='bbox 1163 1079 1369 1120; x_wconf 88' lang='lat' dir='ltr'><strong>omissum</strong></span> <span class='ocrx_word' id='word_1_148' title='bbox 1387 1080 1659 1133; x_wconf 84' lang='lat' dir='ltr'><strong>putabimus,</strong></span> 
     </span>
     <span class='ocr_line' id='line_1_17' title="bbox 158 1133 1660 1184; baseline 0.005 -12"><span class='ocrx_word' id='word_1_149' title='bbox 158 1133 196 1172; x_wconf 81' lang='lat' dir='ltr'><strong>Si</strong></span> <span class='ocrx_word' id='word_1_150' title='bbox 216 1134 366 1174; x_wconf 81' lang='lat' dir='ltr'><strong>eadem</strong></span> <span class='ocrx_word' id='word_1_151' title='bbox 387 1148 454 1177; x_wconf 79' lang='lat' dir='ltr'><strong>res</strong></span> <span class='ocrx_word' id='word_1_152' title='bbox 474 1137 538 1177; x_wconf 80' lang='lat' dir='ltr'><strong>ita</strong></span> <span class='ocrx_word' id='word_1_153' title='bbox 557 1137 723 1178; x_wconf 80' lang='lat' dir='ltr'><strong>dicatur</strong></span> <span class='ocrx_word' id='word_1_154' title='bbox 745 1152 755 1177; x_wconf 91' lang='lat'>:</span> <span class='ocrx_word' id='word_1_155' title='bbox 793 1136 845 1176; x_wconf 75' lang='grc' dir='ltr'><strong>τοὶ</strong></span> <span class='ocrx_word' id='word_1_156' title='bbox 865 1133 1086 1184; x_wconf 79' lang='grc' dir='ltr'>τοξεύματα</span> <span class='ocrx_word' id='word_1_157' title='bbox 1121 1139 1249 1176; x_wconf 77' lang='grc' dir='ltr'>αὐτοῖς</span> <span class='ocrx_word' id='word_1_158' title='bbox 1283 1137 1435 1177; x_wconf 71' lang='grc' dir='ltr'>ἀκόντια</span> <span class='ocrx_word' id='word_1_159' title='bbox 1455 1136 1530 1180; x_wconf 67' lang='grc' dir='ltr'><strong>ἦνῖ</strong></span> <span class='ocrx_word' id='word_1_160' title='bbox 1556 1142 1560 1145; x_wconf 75' lang='grc'><strong>’</strong></span> <span class='ocrx_word' id='word_1_161' title='bbox 1588 1137 1660 1180; x_wconf 84' lang='lat' dir='ltr'><strong>An</strong></span> 
     </span>
     <span class='ocr_line' id='line_1_18' title="bbox 158 1188 1660 1246; baseline 0.005 -17"><span class='ocrx_word' id='word_1_162' title='bbox 158 1188 227 1230; x_wconf 86' lang='lat' dir='ltr'><strong>hie</strong></span> <span class='ocrx_word' id='word_1_163' title='bbox 246 1203 418 1245; x_wconf 91' lang='lat' dir='ltr'><strong>quoque</strong></span> <span class='ocrx_word' id='word_1_164' title='bbox 457 1191 504 1234; x_wconf 78' lang='grc' dir='ltr'><strong>ὣς</strong></span> <span class='ocrx_word' id='word_1_165' title='bbox 540 1196 626 1235; x_wconf 82' lang='lat' dir='ltr'><strong>erit</strong></span> <span class='ocrx_word' id='word_1_166' title='bbox 660 1193 1025 1246; x_wconf 83' lang='lat' dir='ltr'><strong>intelligendum?</strong></span> <span class='ocrx_word' id='word_1_167' title='bbox 1067 1191 1253 1234; x_wconf 84' lang='lat' dir='ltr'><strong>Credent</strong></span> <span class='ocrx_word' id='word_1_168' title='bbox 1274 1194 1353 1235; x_wconf 89' lang='lat' dir='ltr'><strong>hoc</strong></span> <span class='ocrx_word' id='word_1_169' title='bbox 1382 1194 1586 1243; x_wconf 84' lang='lat' dir='ltr'><strong>fortasse,</strong></span> <span class='ocrx_word' id='word_1_170' title='bbox 1615 1200 1660 1237; x_wconf 84' lang='lat' dir='ltr'><strong>et</strong></span> 
     </span>
     <span class='ocr_line' id='line_1_19' title="bbox 156 1248 1657 1304; baseline 0.006 -18"><span class='ocrx_word' id='word_1_171' title='bbox 156 1248 350 1297; x_wconf 83' lang='lat' dir='ltr'>credant,</span> <span class='ocrx_word' id='word_1_172' title='bbox 371 1263 449 1304; x_wconf 86' lang='lat' dir='ltr'><strong>per</strong></span> <span class='ocrx_word' id='word_1_173' title='bbox 470 1263 538 1292; x_wconf 89' lang='lat' dir='ltr'><strong>me</strong></span> <span class='ocrx_word' id='word_1_174' title='bbox 559 1252 674 1302; x_wconf 84' lang='lat' dir='ltr'><strong>licet,</strong></span> <span class='ocrx_word' id='word_1_175' title='bbox 693 1253 767 1304; x_wconf 89' lang='lat' dir='ltr'><strong>qui</strong></span> <span class='ocrx_word' id='word_1_176' title='bbox 791 1250 896 1303; x_wconf 74' lang='grc' dir='ltr'>φασὶ,</span> <span class='ocrx_word' id='word_1_177' title='bbox 927 1251 992 1292; x_wconf 90' lang='lat' dir='ltr'><strong>vel</strong></span> <span class='ocrx_word' id='word_1_178' title='bbox 1017 1251 1100 1300; x_wconf 77' lang='grc' dir='ltr'><strong>ἐμοὶ</strong></span> <span class='ocrx_word' id='word_1_179' title='bbox 1135 1250 1248 1298; x_wconf 79' lang='grc' dir='ltr'>δοκεῖ,</span> <span class='ocrx_word' id='word_1_180' title='bbox 1280 1252 1433 1293; x_wconf 86' lang='lat' dir='ltr'><strong>mediae</strong></span> <span class='ocrx_word' id='word_1_181' title='bbox 1467 1253 1657 1295; x_wconf 88' lang='lat' dir='ltr'><strong>orationi</strong></span> 
     </span>
    </p>
   </div>
   <div class='ocr_carea' id='block_1_5' title="bbox 57 1304 1658 3030">
    <p class='ocr_par' dir='ltr' id='par_1_5' title="bbox 157 1304 1326 1362">
     <span class='ocr_line' id='line_1_20' title="bbox 157 1304 1326 1362; baseline 0.003 -17"><span class='ocrx_word' id='word_1_182' title='bbox 157 1304 334 1355; x_wconf 87' lang='lat' dir='ltr'><strong>inserta,</strong></span> <span class='ocrx_word' id='word_1_183' title='bbox 357 1321 443 1348; x_wconf 91' lang='lat' dir='ltr'><strong>non</strong></span> <span class='ocrx_word' id='word_1_184' title='bbox 459 1310 620 1362; x_wconf 42' lang='lat' dir='ltr'><strong>,putant</strong></span> <span class='ocrx_word' id='word_1_185' title='bbox 641 1310 726 1351; x_wconf 92' lang='lat' dir='ltr'><strong>nisi</strong></span> <span class='ocrx_word' id='word_1_186' title='bbox 748 1309 956 1350; x_wconf 88' lang='lat' dir='ltr'><strong>advocato</strong></span> <span class='ocrx_word' id='word_1_187' title='bbox 978 1307 1026 1348; x_wconf 72' lang='grc' dir='ltr'><strong>ὣς</strong></span> <span class='ocrx_word' id='word_1_188' title='bbox 1046 1314 1162 1349; x_wconf 86' lang='lat' dir='ltr'><strong>stare</strong></span> <span class='ocrx_word' id='word_1_189' title='bbox 1183 1321 1326 1362; x_wconf 88' lang='lat' dir='ltr'><strong>posse.</strong></span> 
     </span>
    </p>

    <p class='ocr_par' dir='ltr' id='par_1_6' title="bbox 157 1362 1658 1590">
     <span class='ocr_line' id='line_1_21' title="bbox 214 1362 1658 1419; baseline 0.004 -16"><span class='ocrx_word' id='word_1_190' title='bbox 214 1362 299 1404; x_wconf 85' lang='lat' dir='ltr'><strong>Sed</strong></span> <span class='ocrx_word' id='word_1_191' title='bbox 319 1365 540 1407; x_wconf 90' lang='lat' dir='ltr'><strong>videamus</strong></span> <span class='ocrx_word' id='word_1_192' title='bbox 562 1380 675 1408; x_wconf 88' lang='lat' dir='ltr'><strong>nunc</strong></span> <span class='ocrx_word' id='word_1_193' title='bbox 710 1366 757 1407; x_wconf 73' lang='grc' dir='ltr'><strong>ὣς</strong></span> <span class='ocrx_word' id='word_1_194' title='bbox 792 1371 834 1407; x_wconf 87' lang='lat' dir='ltr'><strong>et</strong></span> <span class='ocrx_word' id='word_1_195' title='bbox 866 1366 961 1405; x_wconf 77' lang='grc' dir='ltr'>ὥστε</span> <span class='ocrx_word' id='word_1_196' title='bbox 995 1366 1211 1407; x_wconf 88' lang='lat' dir='ltr'><strong>infinitivo</strong></span> <span class='ocrx_word' id='word_1_197' title='bbox 1236 1367 1408 1419; x_wconf 83' lang='lat' dir='ltr'><strong>juncta,</strong></span> <span class='ocrx_word' id='word_1_198' title='bbox 1442 1367 1559 1419; x_wconf 89' lang='lat' dir='ltr'><strong>quod</strong></span> <span class='ocrx_word' id='word_1_199' title='bbox 1591 1367 1658 1409; x_wconf 88' lang='lat' dir='ltr'><strong>ita</strong></span> 
     </span>
     <span class='ocr_line' id='line_1_22' title="bbox 157 1421 1656 1476; baseline 0.005 -17"><span class='ocrx_word' id='word_1_200' title='bbox 157 1422 222 1459; x_wconf 91' lang='lat' dir='ltr'><strong>est</strong></span> <span class='ocrx_word' id='word_1_201' title='bbox 258 1422 488 1470; x_wconf 85' lang='lat' dir='ltr'><strong>usitatum,</strong></span> <span class='ocrx_word' id='word_1_202' title='bbox 525 1428 575 1464; x_wconf 92' lang='lat' dir='ltr'><strong>ut</strong></span> <span class='ocrx_word' id='word_1_203' title='bbox 605 1424 846 1464; x_wconf 87' lang='lat' dir='ltr'><strong>infinitivus</strong></span> <span class='ocrx_word' id='word_1_204' title='bbox 877 1423 945 1463; x_wconf 89' lang='lat' dir='ltr'><strong>his</strong></span> <span class='ocrx_word' id='word_1_205' title='bbox 977 1424 1203 1476; x_wconf 80' lang='lat' dir='ltr'><strong>particulis</strong></span> <span class='ocrx_word' id='word_1_206' title='bbox 1233 1421 1383 1463; x_wconf 77' lang='lat' dir='ltr'><strong>carens</strong></span> <span class='ocrx_word' id='word_1_207' title='bbox 1420 1436 1474 1463; x_wconf 86' lang='lat' dir='ltr'><strong>ex</strong></span> <span class='ocrx_word' id='word_1_208' title='bbox 1505 1437 1656 1467; x_wconf 85' lang='lat' dir='ltr'><strong>earum</strong></span> 
     </span>
     <span class='ocr_line' id='line_1_23' title="bbox 158 1476 1654 1531; baseline 0.005 -16"><span class='ocrx_word' id='word_1_209' title='bbox 158 1476 302 1530; x_wconf 89' lang='lat' dir='ltr'><strong>ellipsi</strong></span> <span class='ocrx_word' id='word_1_210' title='bbox 337 1481 525 1531; x_wconf 87' lang='lat' dir='ltr'><strong>pendere</strong></span> <span class='ocrx_word' id='word_1_211' title='bbox 560 1482 762 1521; x_wconf 90' lang='lat' dir='ltr'><strong>omnibus</strong></span> <span class='ocrx_word' id='word_1_212' title='bbox 792 1481 1003 1521; x_wconf 84' lang='lat' dir='ltr'><strong>videatur.</strong></span> <span class='ocrx_word' id='word_1_213' title='bbox 1067 1479 1242 1520; x_wconf 83' lang='lat' dir='ltr'><strong>Adeone</strong></span> <span class='ocrx_word' id='word_1_214' title='bbox 1277 1493 1378 1521; x_wconf 86' lang='lat' dir='ltr'><strong>vero</strong></span> <span class='ocrx_word' id='word_1_215' title='bbox 1398 1480 1546 1522; x_wconf 86' lang='lat' dir='ltr'><strong>doctos</strong></span> <span class='ocrx_word' id='word_1_216' title='bbox 1579 1482 1654 1523; x_wconf 91' lang='lat' dir='ltr'><strong>ho-</strong></span> 
     </span>
     <span class='ocr_line' id='line_1_24' title="bbox 158 1535 1656 1590; baseline 0.005 -17"><span class='ocrx_word' id='word_1_217' title='bbox 158 1535 298 1575; x_wconf 89' lang='lat' dir='ltr'><strong>mines</strong></span> <span class='ocrx_word' id='word_1_218' title='bbox 328 1547 415 1576; x_wconf 91' lang='lat' dir='ltr'><strong>non</strong></span> <span class='ocrx_word' id='word_1_219' title='bbox 444 1538 673 1589; x_wconf 83' lang='lat' dir='ltr'><strong>cogitasse,</strong></span> <span class='ocrx_word' id='word_1_220' title='bbox 706 1538 811 1590; x_wconf 89' lang='lat' dir='ltr'><strong>quid</strong></span> <span class='ocrx_word' id='word_1_221' title='bbox 841 1541 1035 1589; x_wconf 86' lang='lat' dir='ltr'><strong>agerent,</strong></span> <span class='ocrx_word' id='word_1_222' title='bbox 1072 1540 1121 1578; x_wconf 88' lang='lat' dir='ltr'><strong>ut</strong></span> <span class='ocrx_word' id='word_1_223' title='bbox 1149 1539 1301 1583; x_wconf 88' lang='lat' dir='ltr'><strong>etiam,</strong></span> <span class='ocrx_word' id='word_1_224' title='bbox 1329 1551 1427 1590; x_wconf 84' lang='lat' dir='ltr'><strong>quae</strong></span> <span class='ocrx_word' id='word_1_225' title='bbox 1443 1538 1656 1580; x_wconf 82' lang='lat' dir='ltr'><strong>facillima</strong></span> 
     </span>
    </p>

    <p class='ocr_par' dir='ltr' id='par_1_7' title="bbox 69 1593 1657 1877">
     <span class='ocr_line' id='line_1_25' title="bbox 69 1593 1657 1648; baseline 0.005 -18"><span class='ocrx_word' id='word_1_226' title='bbox 69 1594 275 1639; x_wconf 78' lang='lat' dir='ltr'><strong>192sunt‚</strong></span> <span class='ocrx_word' id='word_1_227' title='bbox 308 1605 384 1645; x_wconf 83' lang='lat' dir='ltr'><strong>per</strong></span> <span class='ocrx_word' id='word_1_228' title='bbox 420 1594 661 1635; x_wconf 87' lang='lat' dir='ltr'><strong>difficiliora</strong></span> <span class='ocrx_word' id='word_1_229' title='bbox 696 1595 916 1648; x_wconf 75' lang='lat' dir='ltr'><strong>explicate</strong></span> <span class='ocrx_word' id='word_1_230' title='bbox 947 1597 1233 1635; x_wconf 77' lang='lat' dir='ltr'><strong>conarentur?</strong></span> <span class='ocrx_word' id='word_1_231' title='bbox 1283 1593 1400 1635; x_wconf 90' lang='lat' dir='ltr'><strong>Nam</strong></span> <span class='ocrx_word' id='word_1_232' title='bbox 1438 1606 1532 1646; x_wconf 90' lang='lat' dir='ltr'><strong>quae</strong></span> <span class='ocrx_word' id='word_1_233' title='bbox 1565 1595 1657 1638; x_wconf 86' lang='lat' dir='ltr'><strong>haec</strong></span> 
     </span>
     <span class='ocr_line' id='line_1_26' title="bbox 156 1648 1655 1700; baseline 0.003 -11"><span class='ocrx_word' id='word_1_234' title='bbox 156 1648 375 1690; x_wconf 86' lang='lat' dir='ltr'><strong>dementia</strong></span> <span class='ocrx_word' id='word_1_235' title='bbox 405 1655 486 1700; x_wconf 87' lang='lat' dir='ltr'><strong>est,</strong></span> <span class='ocrx_word' id='word_1_236' title='bbox 510 1652 546 1692; x_wconf 93' lang='lat' dir='ltr'><strong>si</strong></span> <span class='ocrx_word' id='word_1_237' title='bbox 579 1652 660 1692; x_wconf 87' lang='lat' dir='ltr'><strong>tibi</strong></span> <span class='ocrx_word' id='word_1_238' title='bbox 682 1652 856 1692; x_wconf 85' lang='lat' dir='ltr'><strong>difficile</strong></span> <span class='ocrx_word' id='word_1_239' title='bbox 876 1651 1093 1698; x_wconf 86' lang='lat' dir='ltr'><strong>videatur,</strong></span> <span class='ocrx_word' id='word_1_240' title='bbox 1116 1652 1299 1692; x_wconf 79' lang='grc' dir='ltr'>συνελόντι</span> <span class='ocrx_word' id='word_1_241' title='bbox 1320 1652 1449 1699; x_wconf 80' lang='grc' dir='ltr'>εἰπεῖν,</span> <span class='ocrx_word' id='word_1_242' title='bbox 1469 1653 1535 1693; x_wconf 90' lang='lat' dir='ltr'><strong>vel</strong></span> <span class='ocrx_word' id='word_1_243' title='bbox 1571 1652 1655 1694; x_wconf 80' lang='grc' dir='ltr'><strong>Αὺ-</strong></span> 
     </span>
     <span class='ocr_line' id='line_1_27' title="bbox 156 1704 1656 1763; baseline 0.004 -18"><span class='ocrx_word' id='word_1_244' title='bbox 156 1705 228 1760; x_wconf 72' lang='grc' dir='ltr'><strong>τᾶρ</strong></span> <span class='ocrx_word' id='word_1_245' title='bbox 250 1704 376 1747; x_wconf 68' lang='grc' dir='ltr'><strong>δαῦτε</strong></span> <span class='ocrx_word' id='word_1_246' title='bbox 400 1706 548 1748; x_wconf 84' lang='grc' dir='ltr'>Θυέστ’</span> <span class='ocrx_word' id='word_1_247' title='bbox 574 1707 836 1757; x_wconf 72' lang='grc' dir='ltr'>Ἀγαμέμνονι</span> <span class='ocrx_word' id='word_1_248' title='bbox 863 1711 970 1748; x_wconf 82' lang='grc' dir='ltr'>λεῖπε</span> <span class='ocrx_word' id='word_1_249' title='bbox 1006 1710 1172 1762; x_wconf 66' lang='grc' dir='ltr'>φορῆναι,</span> <span class='ocrx_word' id='word_1_250' title='bbox 1198 1707 1398 1763; x_wconf 77' lang='grc' dir='ltr'>Πολλῇσιν</span> <span class='ocrx_word' id='word_1_251' title='bbox 1426 1709 1560 1752; x_wconf 76' lang='grc' dir='ltr'>νήσοισι</span> <span class='ocrx_word' id='word_1_252' title='bbox 1592 1710 1656 1751; x_wconf 79' lang='grc' dir='ltr'><strong>καὶ</strong></span> 
     </span>
     <span class='ocr_line' id='line_1_28' title="bbox 145 1760 1654 1820; baseline 0.004 -18"><span class='ocrx_word' id='word_1_253' title='bbox 145 1760 294 1817; x_wconf 69' lang='grc' dir='ltr'>’Άρνγεῖ</span> <span class='ocrx_word' id='word_1_254' title='bbox 314 1764 432 1805; x_wconf 70' lang='grc' dir='ltr'>παντὶ</span> <span class='ocrx_word' id='word_1_255' title='bbox 463 1767 643 1813; x_wconf 70' lang='grc' dir='ltr'>ἀνάσσειν,</span> <span class='ocrx_word' id='word_1_256' title='bbox 678 1780 703 1807; x_wconf 89' lang='lat' dir='ltr'><strong>a</strong></span> <span class='ocrx_word' id='word_1_257' title='bbox 722 1766 951 1820; x_wconf 79' lang='lat' dir='ltr'><strong>particulis</strong></span> <span class='ocrx_word' id='word_1_258' title='bbox 982 1765 1030 1805; x_wconf 76' lang='grc' dir='ltr'><strong>ὣς</strong></span> <span class='ocrx_word' id='word_1_259' title='bbox 1049 1769 1092 1806; x_wconf 91' lang='lat' dir='ltr'><strong>et</strong></span> <span class='ocrx_word' id='word_1_260' title='bbox 1113 1765 1208 1806; x_wconf 76' lang='grc' dir='ltr'>ὥστε</span> <span class='ocrx_word' id='word_1_261' title='bbox 1243 1766 1456 1807; x_wconf 88' lang='lat' dir='ltr'><strong>auxilium</strong></span> <span class='ocrx_word' id='word_1_262' title='bbox 1490 1771 1654 1820; x_wconf 90' lang='lat' dir='ltr'><strong>petere,</strong></span> 
     </span>
     <span class='ocr_line' id='line_1_29' title="bbox 155 1823 1654 1877; baseline 0.003 -16"><span class='ocrx_word' id='word_1_263' title='bbox 155 1833 252 1873; x_wconf 85' lang='lat' dir='ltr'><strong>quae</strong></span> <span class='ocrx_word' id='word_1_264' title='bbox 272 1835 350 1862; x_wconf 92' lang='lat' dir='ltr'><strong>nec</strong></span> <span class='ocrx_word' id='word_1_265' title='bbox 372 1824 528 1875; x_wconf 87' lang='lat' dir='ltr'><strong>magis,</strong></span> <span class='ocrx_word' id='word_1_266' title='bbox 549 1837 682 1877; x_wconf 86' lang='lat' dir='ltr'><strong>quam</strong></span> <span class='ocrx_word' id='word_1_267' title='bbox 702 1824 916 1865; x_wconf 75' lang='lat' dir='ltr'><strong>ulla-alia</strong></span> <span class='ocrx_word' id='word_1_268' title='bbox 934 1823 1165 1876; x_wconf 88' lang='lat' dir='ltr'><strong>particula,</strong></span> <span class='ocrx_word' id='word_1_269' title='bbox 1198 1823 1461 1864; x_wconf 87' lang='lat' dir='ltr'><strong>infinitivum</strong></span> <span class='ocrx_word' id='word_1_270' title='bbox 1483 1829 1654 1877; x_wconf 83' lang='lat' dir='ltr'><strong>regant,</strong></span> 
     </span>
    </p>

    <p class='ocr_par' dir='ltr' id='par_1_8' title="bbox 57 1879 1656 3030">
     <span class='ocr_line' id='line_1_30' title="bbox 124 1879 1655 1934; baseline 0.005 -18"><span class='ocrx_word' id='word_1_271' title='bbox 124 1909 127 1915; x_wconf 91' lang='lat'>.</span> <span class='ocrx_word' id='word_1_272' title='bbox 155 1882 199 1918; x_wconf 92' lang='lat' dir='ltr'><strong>et</strong></span> <span class='ocrx_word' id='word_1_273' title='bbox 215 1879 319 1931; x_wconf 85' lang='lat' dir='ltr'><strong>ipsae</strong></span> <span class='ocrx_word' id='word_1_274' title='bbox 339 1880 445 1932; x_wconf 91' lang='lat' dir='ltr'><strong>quid</strong></span> <span class='ocrx_word' id='word_1_275' title='bbox 476 1881 544 1922; x_wconf 90' lang='lat' dir='ltr'><strong>hic</strong></span> <span class='ocrx_word' id='word_1_276' title='bbox 566 1882 651 1922; x_wconf 88' lang='lat' dir='ltr'><strong>sibi</strong></span> <span class='ocrx_word' id='word_1_277' title='bbox 682 1882 832 1928; x_wconf 89' lang='lat' dir='ltr'><strong>velint,</strong></span> <span class='ocrx_word' id='word_1_278' title='bbox 864 1894 890 1921; x_wconf 86' lang='lat' dir='ltr'><strong>a</strong></span> <span class='ocrx_word' id='word_1_279' title='bbox 926 1886 970 1920; x_wconf 84' lang='lat' dir='ltr'><strong>te</strong></span> <span class='ocrx_word' id='word_1_280' title='bbox 998 1881 1207 1934; x_wconf 84' lang='lat' dir='ltr'><strong>explicari</strong></span> <span class='ocrx_word' id='word_1_281' title='bbox 1241 1881 1498 1934; x_wconf 83' lang='lat' dir='ltr'><strong>postulent?</strong></span> <span class='ocrx_word' id='word_1_282' title='bbox 1558 1879 1655 1924; x_wconf 88' lang='lat' dir='ltr'><strong>Hoc</strong></span> 
     </span>
     <span class='ocr_line' id='line_1_31' title="bbox 156 1936 1653 1993; baseline 0.004 -18"><span class='ocrx_word' id='word_1_283' title='bbox 156 1936 320 1977; x_wconf 88' lang='lat' dir='ltr'><strong>scilicet</strong></span> <span class='ocrx_word' id='word_1_284' title='bbox 360 1941 502 1978; x_wconf 87' lang='lat' dir='ltr'><strong>totum</strong></span> <span class='ocrx_word' id='word_1_285' title='bbox 542 1942 607 1979; x_wconf 90' lang='lat' dir='ltr'><strong>est</strong></span> <span class='ocrx_word' id='word_1_286' title='bbox 645 1939 753 1980; x_wconf 89' lang='lat' dir='ltr'><strong>illud</strong></span> <span class='ocrx_word' id='word_1_287' title='bbox 802 1939 1003 1992; x_wconf 87' lang='lat' dir='ltr'><strong>ellipseos</strong></span> <span class='ocrx_word' id='word_1_288' title='bbox 1040 1939 1311 1991; x_wconf 82' lang='lat' dir='ltr'><strong>mysterium,</strong></span> <span class='ocrx_word' id='word_1_289' title='bbox 1360 1951 1438 1992; x_wconf 88' lang='lat' dir='ltr'><strong>per</strong></span> <span class='ocrx_word' id='word_1_290' title='bbox 1477 1939 1653 1993; x_wconf 88' lang='lat' dir='ltr'><strong>ellipsin</strong></span> 
     </span>
     <span class='ocr_line' id='line_1_32' title="bbox 156 1993 1652 2049; baseline 0.003 -16"><span class='ocrx_word' id='word_1_291' title='bbox 156 1993 319 2035; x_wconf 89' lang='lat' dir='ltr'><strong>omissa</strong></span> <span class='ocrx_word' id='word_1_292' title='bbox 339 1994 498 2042; x_wconf 87' lang='lat' dir='ltr'><strong>dicere,</strong></span> <span class='ocrx_word' id='word_1_293' title='bbox 520 2006 617 2049; x_wconf 81' lang='lat' dir='ltr'><strong>quae</strong></span> <span class='ocrx_word' id='word_1_294' title='bbox 633 1997 738 2038; x_wconf 91' lang='lat' dir='ltr'><strong>alibi</strong></span> <span class='ocrx_word' id='word_1_295' title='bbox 759 1996 861 2036; x_wconf 88' lang='lat' dir='ltr'><strong>addi</strong></span> <span class='ocrx_word' id='word_1_296' title='bbox 893 1995 1053 2043; x_wconf 81' lang='lat' dir='ltr'><strong>videas,</strong></span> <span class='ocrx_word' id='word_1_297' title='bbox 1096 1996 1187 2036; x_wconf 84' lang='lat' dir='ltr'><strong>sive</strong></span> <span class='ocrx_word' id='word_1_298' title='bbox 1216 1998 1264 2036; x_wconf 91' lang='lat' dir='ltr'><strong>tu</strong></span> <span class='ocrx_word' id='word_1_299' title='bbox 1288 1996 1416 2043; x_wconf 86' lang='lat' dir='ltr'><strong>scias,</strong></span> <span class='ocrx_word' id='word_1_300' title='bbox 1443 2009 1652 2048; x_wconf 84' lang='lat' dir='ltr'><strong>quorsum</strong></span> 
     </span>
     <span class='ocr_line' id='line_1_33' title="bbox 154 2050 1654 2105; baseline 0.003 -15"><span class='ocrx_word' id='word_1_301' title='bbox 154 2050 389 2100; x_wconf 83' lang='lat' dir='ltr'><strong>addantur,</strong></span> <span class='ocrx_word' id='word_1_302' title='bbox 410 2053 500 2094; x_wconf 90' lang='lat' dir='ltr'><strong>sive</strong></span> <span class='ocrx_word' id='word_1_303' title='bbox 533 2055 715 2095; x_wconf 86' lang='lat' dir='ltr'><strong>nescias.</strong></span> <span class='ocrx_word' id='word_1_304' title='bbox 772 2053 1076 2105; x_wconf 80' lang='lat' dir='ltr'><strong>Ingrediamur</strong></span> <span class='ocrx_word' id='word_1_305' title='bbox 1111 2066 1189 2094; x_wconf 91' lang='lat' dir='ltr'><strong>nos</strong></span> <span class='ocrx_word' id='word_1_306' title='bbox 1221 2054 1353 2094; x_wconf 89' lang='lat' dir='ltr'><strong>aliam</strong></span> <span class='ocrx_word' id='word_1_307' title='bbox 1388 2054 1519 2095; x_wconf 88' lang='lat' dir='ltr'><strong>viam.</strong></span> <span class='ocrx_word' id='word_1_308' title='bbox 1576 2054 1654 2095; x_wconf 90' lang='lat' dir='ltr'><strong>At-</strong></span> 
     </span>
     <span class='ocr_line' id='line_1_34' title="bbox 153 2108 1656 2164; baseline 0.003 -16"><span class='ocrx_word' id='word_1_309' title='bbox 153 2119 236 2158; x_wconf 91' lang='lat' dir='ltr'><strong>que</strong></span> <span class='ocrx_word' id='word_1_310' title='bbox 257 2108 348 2151; x_wconf 86' lang='lat' dir='ltr'><strong>haec</strong></span> <span class='ocrx_word' id='word_1_311' title='bbox 368 2110 453 2150; x_wconf 94' lang='lat' dir='ltr'><strong>duo</strong></span> <span class='ocrx_word' id='word_1_312' title='bbox 469 2112 568 2164; x_wconf 87' lang='lat' dir='ltr'><strong>jure</strong></span> <span class='ocrx_word' id='word_1_313' title='bbox 599 2116 762 2159; x_wconf 87' lang='lat' dir='ltr'><strong>nostro,</strong></span> <span class='ocrx_word' id='word_1_314' title='bbox 789 2116 839 2152; x_wconf 91' lang='lat' dir='ltr'><strong>ut</strong></span> <span class='ocrx_word' id='word_1_315' title='bbox 873 2115 1005 2163; x_wconf 87' lang='lat' dir='ltr'><strong>certa,</strong></span> <span class='ocrx_word' id='word_1_316' title='bbox 1025 2124 1267 2152; x_wconf 88' lang='lat' dir='ltr'><strong>sumemus:</strong></span> <span class='ocrx_word' id='word_1_317' title='bbox 1300 2124 1454 2158; x_wconf 88' lang='lat' dir='ltr'><strong>unum,</strong></span> <span class='ocrx_word' id='word_1_318' title='bbox 1476 2111 1656 2153; x_wconf 85' lang='lat' dir='ltr'><strong>infiniti-</strong></span> 
     </span>
     <span class='ocr_line' id='line_1_35' title="bbox 151 2166 1654 2223; baseline 0.004 -18"><span class='ocrx_word' id='word_1_319' title='bbox 151 2177 251 2206; x_wconf 88' lang='lat' dir='ltr'><strong>vum</strong></span> <span class='ocrx_word' id='word_1_320' title='bbox 290 2167 335 2207; x_wconf 90' lang='lat' dir='ltr'><strong>in</strong></span> <span class='ocrx_word' id='word_1_321' title='bbox 373 2166 526 2209; x_wconf 82' lang='lat' dir='ltr'><strong>Graeco</strong></span> <span class='ocrx_word' id='word_1_322' title='bbox 557 2181 755 2211; x_wconf 87' lang='lat' dir='ltr'><strong>sermone</strong></span> <span class='ocrx_word' id='word_1_323' title='bbox 790 2182 867 2223; x_wconf 86' lang='lat' dir='ltr'><strong>per</strong></span> <span class='ocrx_word' id='word_1_324' title='bbox 896 2182 942 2209; x_wconf 90' lang='lat' dir='ltr'><strong>se</strong></span> <span class='ocrx_word' id='word_1_325' title='bbox 971 2169 1216 2221; x_wconf 86' lang='lat' dir='ltr'><strong>significare</strong></span> <span class='ocrx_word' id='word_1_326' title='bbox 1246 2169 1390 2216; x_wconf 84' lang='lat' dir='ltr'><strong>finem,</strong></span> <span class='ocrx_word' id='word_1_327' title='bbox 1429 2169 1484 2210; x_wconf 89' lang='lat' dir='ltr'><strong>ad</strong></span> <span class='ocrx_word' id='word_1_328' title='bbox 1525 2182 1654 2222; x_wconf 89' lang='lat' dir='ltr'><strong>quem</strong></span> 
     </span>
     <span class='ocr_line' id='line_1_36' title="bbox 151 2223 1653 2280; baseline 0.003 -17"><span class='ocrx_word' id='word_1_329' title='bbox 151 2223 258 2274; x_wconf 90' lang='lat' dir='ltr'><strong>quid</strong></span> <span class='ocrx_word' id='word_1_330' title='bbox 289 2224 390 2272; x_wconf 87' lang='lat' dir='ltr'><strong>fiat;</strong></span> <span class='ocrx_word' id='word_1_331' title='bbox 422 2226 623 2274; x_wconf 86' lang='lat' dir='ltr'><strong>alterurn,</strong></span> <span class='ocrx_word' id='word_1_332' title='bbox 641 2240 781 2279; x_wconf 91' lang='lat' dir='ltr'><strong>neque</strong></span> <span class='ocrx_word' id='word_1_333' title='bbox 811 2226 875 2274; x_wconf 74' lang='grc' dir='ltr'><strong>ὣς,</strong></span> <span class='ocrx_word' id='word_1_334' title='bbox 906 2238 1043 2277; x_wconf 88' lang='lat' dir='ltr'><strong>neque</strong></span> <span class='ocrx_word' id='word_1_335' title='bbox 1075 2227 1170 2266; x_wconf 76' lang='grc' dir='ltr'>ὥστε</span> <span class='ocrx_word' id='word_1_336' title='bbox 1198 2227 1464 2268; x_wconf 84' lang='lat' dir='ltr'><strong>infinitivum</strong></span> <span class='ocrx_word' id='word_1_337' title='bbox 1492 2239 1653 2280; x_wconf 85' lang='lat' dir='ltr'><strong>regere.</strong></span> 
     </span>
     <span class='ocr_line' id='line_1_37' title="bbox 151 2278 1653 2337; baseline 0.005 -18"><span class='ocrx_word' id='word_1_338' title='bbox 151 2278 251 2320; x_wconf 81' lang='lat' dir='ltr'><strong>Jam</strong></span> <span class='ocrx_word' id='word_1_339' title='bbox 272 2295 359 2335; x_wconf 91' lang='lat' dir='ltr'><strong>quo</strong></span> <span class='ocrx_word' id='word_1_340' title='bbox 381 2283 617 2334; x_wconf 80' lang='lat' dir='ltr'><strong>intelligas,</strong></span> <span class='ocrx_word' id='word_1_341' title='bbox 648 2285 754 2337; x_wconf 90' lang='lat' dir='ltr'><strong>quid</strong></span> <span class='ocrx_word' id='word_1_342' title='bbox 786 2283 849 2331; x_wconf 75' lang='grc' dir='ltr'><strong>ὣς,</strong></span> <span class='ocrx_word' id='word_1_343' title='bbox 871 2284 937 2325; x_wconf 90' lang='lat' dir='ltr'><strong>vel</strong></span> <span class='ocrx_word' id='word_1_344' title='bbox 961 2284 1072 2331; x_wconf 77' lang='grc' dir='ltr'>ὥστε,</span> <span class='ocrx_word' id='word_1_345' title='bbox 1104 2284 1219 2337; x_wconf 90' lang='lat' dir='ltr'><strong>quod</strong></span> <span class='ocrx_word' id='word_1_346' title='bbox 1253 2285 1362 2324; x_wconf 91' lang='lat' dir='ltr'><strong>nihil</strong></span> <span class='ocrx_word' id='word_1_347' title='bbox 1384 2287 1450 2325; x_wconf 87' lang='lat' dir='ltr'><strong>est</strong></span> <span class='ocrx_word' id='word_1_348' title='bbox 1489 2284 1573 2325; x_wconf 91' lang='lat' dir='ltr'><strong>nisi</strong></span> <span class='ocrx_word' id='word_1_349' title='bbox 1604 2290 1653 2326; x_wconf 79' lang='lat' dir='ltr'><strong>ut</strong></span> 
     </span>
     <span class='ocr_line' id='line_1_38' title="bbox 141 2335 1651 2396; baseline 0.003 -18"><span class='ocrx_word' id='word_1_350' title='bbox 141 2335 277 2392; x_wconf 80' lang='lat' dir='ltr'><strong>forte,</strong></span> <span class='ocrx_word' id='word_1_351' title='bbox 301 2340 383 2380; x_wconf 91' lang='lat' dir='ltr'><strong>sibi</strong></span> <span class='ocrx_word' id='word_1_352' title='bbox 406 2341 528 2389; x_wconf 86' lang='lat' dir='ltr'><strong>velit,</strong></span> <span class='ocrx_word' id='word_1_353' title='bbox 560 2343 671 2382; x_wconf 90' lang='lat' dir='ltr'><strong>nihil</strong></span> <span class='ocrx_word' id='word_1_354' title='bbox 693 2355 799 2396; x_wconf 91' lang='lat' dir='ltr'><strong>opus</strong></span> <span class='ocrx_word' id='word_1_355' title='bbox 839 2345 922 2389; x_wconf 85' lang='lat' dir='ltr'><strong>est,</strong></span> <span class='ocrx_word' id='word_1_356' title='bbox 952 2341 1038 2396; x_wconf 87' lang='lat' dir='ltr'><strong>nisi</strong></span> <span class='ocrx_word' id='word_1_357' title='bbox 1075 2345 1125 2381; x_wconf 88' lang='lat' dir='ltr'><strong>ut</strong></span> <span class='ocrx_word' id='word_1_358' title='bbox 1157 2341 1408 2382; x_wconf 85' lang='lat' dir='ltr'><strong>memineris</strong></span> <span class='ocrx_word' id='word_1_359' title='bbox 1442 2341 1651 2383; x_wconf 90' lang='lat' dir='ltr'><strong>similium</strong></span> 
     </span>
     <span class='ocr_line' id='line_1_39' title="bbox 150 2394 1652 2454; baseline 0.004 -20"><span class='ocrx_word' id='word_1_360' title='bbox 150 2394 457 2438; x_wconf 85' lang='lat' dir='ltr'><strong>formularum.</strong></span> <span class='ocrx_word' id='word_1_361' title='bbox 539 2396 783 2453; x_wconf 89' lang='lat' dir='ltr'><strong>Xenophon</strong></span> <span class='ocrx_word' id='word_1_362' title='bbox 815 2398 954 2439; x_wconf 88' lang='lat' dir='ltr'><strong>Anah.</strong></span> <span class='ocrx_word' id='word_1_363' title='bbox 987 2399 1018 2438; x_wconf 92' lang='lat' dir='ltr'><strong>i.</strong></span> <span class='ocrx_word' id='word_1_364' title='bbox 1053 2397 1094 2446; x_wconf 79' lang='lat'><strong>6,</strong></span> <span class='ocrx_word' id='word_1_365' title='bbox 1127 2398 1168 2439; x_wconf 88' lang='grc'><strong>8.</strong></span> <span class='ocrx_word' id='word_1_366' title='bbox 1203 2401 1219 2438; x_wconf 84' lang='grc' dir='ltr'><strong>ὁ</strong></span> <span class='ocrx_word' id='word_1_367' title='bbox 1255 2397 1292 2438; x_wconf 79' lang='grc' dir='ltr'><strong>δὲ</strong></span> <span class='ocrx_word' id='word_1_368' title='bbox 1322 2400 1560 2454; x_wconf 74' lang='grc' dir='ltr'>ἀπεκρίνατο,</span> <span class='ocrx_word' id='word_1_369' title='bbox 1595 2399 1652 2440; x_wconf 73' lang='grc' dir='ltr'><strong>ὅτι</strong></span> 
     </span>
     <span class='ocr_line' id='line_1_40' title="bbox 151 2451 1653 2512; baseline 0.003 -20"><span class='ocrx_word' id='word_1_370' title='bbox 151 2451 228 2491; x_wconf 79' lang='grc' dir='ltr'>οὐδ’</span> <span class='ocrx_word' id='word_1_371' title='bbox 249 2455 278 2493; x_wconf 77' lang='grc' dir='ltr'><strong>εἰ</strong></span> <span class='ocrx_word' id='word_1_372' title='bbox 310 2456 499 2503; x_wconf 67' lang='grc' dir='ltr'>«γενοίμην,</span> <span class='ocrx_word' id='word_1_373' title='bbox 518 2455 545 2496; x_wconf 73' lang='grc' dir='ltr'><em>ὦ</em></span> <span class='ocrx_word' id='word_1_374' title='bbox 576 2455 696 2512; x_wconf 63' lang='grc' dir='ltr'>Κῦρε,</span> <span class='ocrx_word' id='word_1_375' title='bbox 727 2458 782 2496; x_wconf 90' lang='grc' dir='ltr'>σοι’</span> <span class='ocrx_word' id='word_1_376' title='bbox 799 2458 835 2504; x_wconf 73' lang='lat' dir='ltr'><strong>‘y’</strong></span> <span class='ocrx_word' id='word_1_377' title='bbox 858 2454 900 2496; x_wconf 71' lang='grc' dir='ltr'>ἂν</span> <span class='ocrx_word' id='word_1_378' title='bbox 930 2456 986 2496; x_wconf 79' lang='grc' dir='ltr'><strong>’ἐτι</strong></span> <span class='ocrx_word' id='word_1_379' title='bbox 1005 2457 1103 2496; x_wconf 69' lang='grc' dir='ltr'><strong>ποτὲ</strong></span> <span class='ocrx_word' id='word_1_380' title='bbox 1131 2453 1294 2505; x_wconf 76' lang='grc' dir='ltr'>δόξαιμι.</span> <span class='ocrx_word' id='word_1_381' title='bbox 1353 2454 1472 2497; x_wconf 87' lang='lat' dir='ltr'><strong>Idem</strong></span> <span class='ocrx_word' id='word_1_382' title='bbox 1495 2454 1653 2511; x_wconf 76' lang='lat' dir='ltr'><strong>Cyrop-</strong></span> 
     </span>
     <span class='ocr_line' id='line_1_41' title="bbox 148 2509 1655 2567; baseline 0.003 -17"><span class='ocrx_word' id='word_1_383' title='bbox 148 2509 206 2550; x_wconf 69' lang='grc' dir='ltr'><strong>ἰν.</strong></span> <span class='ocrx_word' id='word_1_384' title='bbox 229 2510 274 2558; x_wconf 86' lang='grc'><strong>3,</strong></span> <span class='ocrx_word' id='word_1_385' title='bbox 303 2511 366 2552; x_wconf 88' lang='grc'><strong>15.</strong></span> <span class='ocrx_word' id='word_1_386' title='bbox 416 2515 504 2553; x_wconf 75' lang='grc' dir='ltr'>ἀλλ’</span> <span class='ocrx_word' id='word_1_387' title='bbox 527 2513 600 2562; x_wconf 69' lang='grc' dir='ltr'><strong>ἐγὼ</strong></span> <span class='ocrx_word' id='word_1_388' title='bbox 618 2515 704 2564; x_wconf 82' lang='grc' dir='ltr'>μὲν,</span> <span class='ocrx_word' id='word_1_389' title='bbox 723 2515 811 2567; x_wconf 74' lang='grc' dir='ltr'>ἔφη,</span> <span class='ocrx_word' id='word_1_390' title='bbox 833 2514 950 2554; x_wconf 73' lang='grc' dir='ltr'>οὕτως</span> <span class='ocrx_word' id='word_1_391' title='bbox 971 2511 1148 2561; x_wconf 51' lang='grc' dir='ltr'>ἐπιθυμῶ</span> <span class='ocrx_word' id='word_1_392' title='bbox 1163 2515 1327 2554; x_wconf 75' lang='grc' dir='ltr'>ἱππεύειν</span> <span class='ocrx_word' id='word_1_393' title='bbox 1346 2512 1501 2562; x_wconf 58' lang='grc' dir='ltr'>μαθεῖν,</span> <span class='ocrx_word' id='word_1_394' title='bbox 1523 2516 1571 2555; x_wconf 76' lang='grc' dir='ltr'><strong>ὥς</strong></span> <span class='ocrx_word' id='word_1_395' title='bbox 1598 2532 1655 2555; x_wconf 88' lang='grc' dir='ltr'>νο-</span> 
     </span>
     <span class='ocr_line' id='line_1_42' title="bbox 146 2567 1651 2626; baseline 0 -14"><span class='ocrx_word' id='word_1_396' title='bbox 146 2567 267 2620; x_wconf 70' lang='grc' dir='ltr'>μίζω,</span> <span class='ocrx_word' id='word_1_397' title='bbox 303 2567 347 2612; x_wconf 63' lang='grc' dir='ltr'>ἢν</span> <span class='ocrx_word' id='word_1_398' title='bbox 378 2568 512 2611; x_wconf 77' lang='grc' dir='ltr'>ἱππεὺς</span> <span class='ocrx_word' id='word_1_399' title='bbox 540 2574 721 2620; x_wconf 68' lang='grc' dir='ltr'>«γένωμαι,</span> <span class='ocrx_word' id='word_1_400' title='bbox 755 2569 950 2626; x_wconf 64' lang='grc' dir='ltr'>ἄνθρωπος</span> <span class='ocrx_word' id='word_1_401' title='bbox 981 2570 1127 2613; x_wconf 63' lang='grc' dir='ltr'>πτηνὸς</span> <span class='ocrx_word' id='word_1_402' title='bbox 1159 2569 1347 2619; x_wconf 59' lang='grc' dir='ltr'>«γενέσθαι.</span> <span class='ocrx_word' id='word_1_403' title='bbox 1418 2570 1651 2625; x_wconf 80' lang='lat' dir='ltr'><strong>Euripides</strong></span> 
     </span>
     <span class='ocr_line' id='line_1_43' title="bbox 146 2622 1653 2681; baseline 0.003 -17"><span class='ocrx_word' id='word_1_404' title='bbox 146 2622 244 2678; x_wconf 88' lang='lat' dir='ltr'><strong>Iph.</strong></span> <span class='ocrx_word' id='word_1_405' title='bbox 265 2624 398 2667; x_wconf 80' lang='lat' dir='ltr'><strong>Taur.</strong></span> <span class='ocrx_word' id='word_1_406' title='bbox 428 2627 549 2668; x_wconf 82' lang='grc'><strong>1211.</strong></span> <span class='ocrx_word' id='word_1_407' title='bbox 587 2627 722 2670; x_wconf 64' lang='grc' dir='ltr'>Οἶσθα</span> <span class='ocrx_word' id='word_1_408' title='bbox 743 2634 800 2670; x_wconf 74' lang='grc' dir='ltr'><strong>νῦν</strong></span> <span class='ocrx_word' id='word_1_409' title='bbox 827 2628 852 2669; x_wconf 83' lang='grc' dir='ltr'>ἅ</span> <span class='ocrx_word' id='word_1_410' title='bbox 886 2646 950 2677; x_wconf 84' lang='grc' dir='ltr'><strong>μοι</strong></span> <span class='ocrx_word' id='word_1_411' title='bbox 982 2627 1160 2676; x_wconf 58' lang='grc' dir='ltr'>«γενέσθω.</span> <span class='ocrx_word' id='word_1_412' title='bbox 1194 2627 1431 2681; x_wconf 85' lang='lat' dir='ltr'><strong>Sophocles</strong></span> <span class='ocrx_word' id='word_1_413' title='bbox 1462 2627 1563 2670; x_wconf 87' lang='lat' dir='ltr'><strong>OEd.</strong></span> <span class='ocrx_word' id='word_1_414' title='bbox 1595 2627 1653 2669; x_wconf 83' lang='lat' dir='ltr'><strong>R.</strong></span> 
     </span>
     <span class='ocr_line' id='line_1_44' title="bbox 57 2680 1649 2739; baseline 0.003 -16"><span class='ocrx_word' id='word_1_415' title='bbox 57 2681 247 2731; x_wconf 83' lang='lat'>193543.</span> <span class='ocrx_word' id='word_1_416' title='bbox 280 2680 402 2723; x_wconf 65' lang='lat' dir='ltr'><strong>Oi&#39;ch&#39;</strong></span> <span class='ocrx_word' id='word_1_417' title='bbox 426 2687 473 2725; x_wconf 81' lang='grc' dir='ltr'><strong>ὡς</strong></span> <span class='ocrx_word' id='word_1_418' title='bbox 488 2687 656 2728; x_wconf 68' lang='grc' dir='ltr'>ποίησον.</span> <span class='ocrx_word' id='word_1_419' title='bbox 718 2684 945 2739; x_wconf 65' lang='lat' dir='ltr'><strong>AESChyffuS</strong></span> <span class='ocrx_word' id='word_1_420' title='bbox 968 2685 1086 2727; x_wconf 81' lang='lat' dir='ltr'><strong>Pers.</strong></span> <span class='ocrx_word' id='word_1_421' title='bbox 1124 2685 1216 2726; x_wconf 84' lang='grc'><strong>187.</strong></span> <span class='ocrx_word' id='word_1_422' title='bbox 1250 2683 1387 2725; x_wconf 52' lang='lat' dir='ltr'><strong>Toum</strong></span> <span class='ocrx_word' id='word_1_423' title='bbox 1424 2687 1551 2727; x_wconf 75' lang='grc' dir='ltr'>στάσιν</span> <span class='ocrx_word' id='word_1_424' title='bbox 1580 2687 1649 2727; x_wconf 77' lang='grc' dir='ltr'>τίν’</span> 
     </span>
     <span class='ocr_line' id='line_1_45' title="bbox 147 2739 1652 2799; baseline 0.003 -19"><span class='ocrx_word' id='word_1_425' title='bbox 147 2742 195 2780; x_wconf 81' lang='grc' dir='ltr'><strong>ὡς</strong></span> <span class='ocrx_word' id='word_1_426' title='bbox 216 2739 290 2788; x_wconf 71' lang='grc' dir='ltr'><strong>ἐγὼ</strong></span> <span class='ocrx_word' id='word_1_427' title='bbox 308 2739 448 2782; x_wconf 77' lang='grc' dir='ltr'>’δόκουν</span> <span class='ocrx_word' id='word_1_428' title='bbox 469 2744 550 2796; x_wconf 69' lang='grc' dir='ltr'>ὃξᾷν</span> <span class='ocrx_word' id='word_1_429' title='bbox 570 2742 734 2797; x_wconf 81' lang='grc' dir='ltr'>Τεύχειν</span> <span class='ocrx_word' id='word_1_430' title='bbox 757 2746 791 2785; x_wconf 80' lang='grc' dir='ltr'>ἐν</span> <span class='ocrx_word' id='word_1_431' title='bbox 812 2744 1025 2799; x_wconf 63' lang='grc' dir='ltr'>ἀλλήλῃσι,</span> <span class='ocrx_word' id='word_1_432' title='bbox 1056 2743 1108 2784; x_wconf 87' lang='lat' dir='ltr'><strong>de</strong></span> <span class='ocrx_word' id='word_1_433' title='bbox 1130 2756 1218 2796; x_wconf 84' lang='lat' dir='ltr'><strong>qua</strong></span> <span class='ocrx_word' id='word_1_434' title='bbox 1245 2743 1450 2791; x_wconf 86' lang='lat' dir='ltr'><strong>formula,</strong></span> <span class='ocrx_word' id='word_1_435' title='bbox 1485 2744 1532 2784; x_wconf 83' lang='lat' dir='ltr'><strong>in</strong></span> <span class='ocrx_word' id='word_1_436' title='bbox 1565 2755 1652 2796; x_wconf 82' lang='lat' dir='ltr'><strong>qua</strong></span> 
     </span>
     <span class='ocr_line' id='line_1_46' title="bbox 148 2796 1650 2855; baseline 0.002 -17"><span class='ocrx_word' id='word_1_437' title='bbox 148 2798 335 2839; x_wconf 87' lang='lat' dir='ltr'><strong>haeserat</strong></span> <span class='ocrx_word' id='word_1_438' title='bbox 355 2796 553 2848; x_wconf 87' lang='lat' dir='ltr'><strong>Reizius,</strong></span> <span class='ocrx_word' id='word_1_439' title='bbox 580 2802 696 2852; x_wconf 91' lang='lat' dir='ltr'><strong>(vide</strong></span> <span class='ocrx_word' id='word_1_440' title='bbox 727 2801 782 2842; x_wconf 88' lang='lat' dir='ltr'><strong>ad</strong></span> <span class='ocrx_word' id='word_1_441' title='bbox 813 2800 1025 2854; x_wconf 85' lang='lat' dir='ltr'><strong>Vigerum</strong></span> <span class='ocrx_word' id='word_1_442' title='bbox 1055 2814 1099 2855; x_wconf 87' lang='lat' dir='ltr'><strong>p.</strong></span> <span class='ocrx_word' id='word_1_443' title='bbox 1141 2799 1261 2855; x_wconf 87' lang='grc'>737.)</span> <span class='ocrx_word' id='word_1_444' title='bbox 1291 2801 1415 2842; x_wconf 87' lang='lat' dir='ltr'><strong>docte</strong></span> <span class='ocrx_word' id='word_1_445' title='bbox 1445 2801 1650 2842; x_wconf 87' lang='lat' dir='ltr'><strong>disseruit</strong></span> 
     </span>
     <span class='ocr_line' id='line_1_47' title="bbox 146 2853 1648 2912; baseline 0.002 -17"><span class='ocrx_word' id='word_1_446' title='bbox 146 2853 401 2897; x_wconf 83' lang='lat' dir='ltr'><strong>Erfurdtius</strong></span> <span class='ocrx_word' id='word_1_447' title='bbox 421 2857 476 2897; x_wconf 86' lang='lat' dir='ltr'><strong>ad</strong></span> <span class='ocrx_word' id='word_1_448' title='bbox 495 2857 724 2912; x_wconf 83' lang='lat' dir='ltr'><strong>Sophoclis</strong></span> <span class='ocrx_word' id='word_1_449' title='bbox 743 2859 894 2912; x_wconf 83' lang='lat' dir='ltr'><strong>Antig.</strong></span> <span class='ocrx_word' id='word_1_450' title='bbox 928 2858 1026 2899; x_wconf 77' lang='lat'>732.</span> <span class='ocrx_word' id='word_1_451' title='bbox 1061 2857 1310 2899; x_wconf 86' lang='lat' dir='ltr'><strong>Herodotus</strong></span> <span class='ocrx_word' id='word_1_452' title='bbox 1332 2859 1391 2899; x_wconf 86' lang='lat' dir='ltr'><strong>ix.</strong></span> <span class='ocrx_word' id='word_1_453' title='bbox 1411 2857 1481 2899; x_wconf 81' lang='lat'><strong>42.</strong></span> <span class='ocrx_word' id='word_1_454' title='bbox 1513 2856 1648 2901; x_wconf 64' lang='grc' dir='ltr'>ἥδεσθε</span> 
     </span>
     <span class='ocr_line' id='line_1_48' title="bbox 147 2914 1650 2971; baseline 0.004 -19"><span class='ocrx_word' id='word_1_455' title='bbox 147 2915 284 2954; x_wconf 83' lang='grc' dir='ltr'>τούτου</span> <span class='ocrx_word' id='word_1_456' title='bbox 317 2915 450 2962; x_wconf 80' lang='grc' dir='ltr'>εἵνεκα,</span> <span class='ocrx_word' id='word_1_457' title='bbox 482 2917 530 2956; x_wconf 80' lang='grc' dir='ltr'><strong>ὡς</strong></span> <span class='ocrx_word' id='word_1_458' title='bbox 569 2919 848 2971; x_wconf 65' lang='grc' dir='ltr'>περιεσομένους</span> <span class='ocrx_word' id='word_1_459' title='bbox 880 2917 1003 2965; x_wconf 64' lang='grc' dir='ltr'>’ἡμέας</span> <span class='ocrx_word' id='word_1_460' title='bbox 1028 2914 1244 2960; x_wconf 51' lang='grc' dir='ltr'>*Ελλήνωιη</span> <span class='ocrx_word' id='word_1_461' title='bbox 1322 2915 1403 2958; x_wconf 88' lang='lat' dir='ltr'><strong>Hae</strong></span> <span class='ocrx_word' id='word_1_462' title='bbox 1431 2920 1650 2958; x_wconf 86' lang='lat' dir='ltr'><strong>construc-</strong></span> 
     </span>
     <span class='ocr_line' id='line_1_49' title="bbox 146 2971 1652 3030; baseline 0.003 -18"><span class='ocrx_word' id='word_1_463' title='bbox 146 2971 290 3019; x_wconf 83' lang='lat' dir='ltr'><strong>tiones</strong></span> <span class='ocrx_word' id='word_1_464' title='bbox 338 2985 490 3017; x_wconf 86' lang='lat' dir='ltr'><strong>omnes</strong></span> <span class='ocrx_word' id='word_1_465' title='bbox 534 2974 639 3030; x_wconf 87' lang='lat' dir='ltr'><strong>quid</strong></span> <span class='ocrx_word' id='word_1_466' title='bbox 687 2975 808 3018; x_wconf 91' lang='lat' dir='ltr'><strong>aliud</strong></span> <span class='ocrx_word' id='word_1_467' title='bbox 852 2987 986 3030; x_wconf 90' lang='lat' dir='ltr'><strong>quam</strong></span> <span class='ocrx_word' id='word_1_468' title='bbox 1033 2974 1218 3020; x_wconf 85' lang='lat' dir='ltr'><strong>duarum</strong></span> <span class='ocrx_word' id='word_1_469' title='bbox 1261 2974 1564 3029; x_wconf 87' lang='lat' dir='ltr'><strong>loquutionum</strong></span> <span class='ocrx_word' id='word_1_470' title='bbox 1603 2973 1652 3018; x_wconf 85' lang='lat' dir='ltr'><strong>in</strong></span> 
     </span>
    </p>
   </div>
  </div>
 </body>
</html>
