1838 3164
542 129 881 170 PLEONASMU
881 130 909 170 S
933 128 1212 175 ARTICULI.
1506 140 1511 147 “
1586 120 1652 166 25·

131 255 188 285 ne
222 242 353 297 longe
382 242 559 291 abeam,
594 255 675 284 nec
708 255 788 289 nos
824 241 1030 290 dicimus,
1065 240 1212 284 diesen
1242 240 1326 284 den
1361 240 1541 289 Mamm
1571 239 1651 282 sed

130 304 307 343 tantum
335 298 491 346 diesen,
514 298 690 348 Mann;
728 300 867 354 deque
901 298 1197 353 Francogalli,
1243 298 1302 341 Ge
1331 298 1543 346 l’homme,
1572 297 1652 340 sed

131 361 308 406 tantum
339 356 416 401 Cet
442 357 618 401 homme.
676 355 842 399 Verum
872 358 950 399 ille
983 357 1158 400 articuli
1193 358 1476 411 pleonasmus
1504 356 1653 410 primo

133 416 330 459 maxima
359 416 477 458 haud
495 416 627 457 dubie
646 428 746 456 cum
766 416 987 469 gravitate
1005 415 1064 457 ab
1094 415 1247 467 aliquo
1275 417 1517 468 usurpatus
1548 416 1616 455 est
1635 426 1648 453 τ

131 477 304 529 postea,
324 487 424 516 cum
443 474 575 526 vulgo
603 474 777 527 placere
804 475 1023 528 coepisset,
1054 474 1120 515 ita
1153 473 1462 526 frequentatus
1486 474 1571 519 est,
1599 473 1654 512 ut

132 532 225 574 vim
244 544 419 574 omnem
439 532 677 573 amitteret.

192 587 235 630 6.
266 587 500 644 Repetitur
520 589 732 630 articulus
753 601 865 644 saepe
886 590 969 638 ita,
991 592 1042 631 ut
1061 588 1252 631 indoctis
1281 587 1487 629 videatur
1505 588 1655 641 poste·

133 647 243 689 riori
278 648 374 689 loco
401 647 570 701 passim
606 646 774 688 otiosus
813 660 919 689 esse.
995 646 1082 688 Sed
1115 647 1281 699 ubique
1314 647 1484 700 justam
1521 643 1656 686 habet

134 705 388 746 iterationis
429 717 635 755 causam;
679 717 778 757 quae
817 706 981 758 optime
1021 705 1301 758 cognoscitur
1330 716 1356 744 e
1390 703 1497 745 locis
1527 701 1656 756 ipsis.

133 760 351 817 Exempla
370 765 546 804 tantum
575 767 759 816 propter
787 762 1046 806 brevitatem
1074 763 1176 804 ficta
1209 762 1299 803 haec
1330 761 1564 816 ponimus:
1590 755 1655 799 Ὀ

133 816 248 875 ἄρτος
268 821 286 861 ὅ
307 821 503 869 ἐπιούσιος,
525 819 570 860 τὸ
590 820 708 867 ὄνομα
728 818 774 860 τὸ
793 818 956 872 Μήδων,
976 821 1029 861 τὰ
1053 818 1161 860 ἄλλα
1181 819 1234 860 ταὶ
1262 818 1468 866 πολιτικαὶ,
1500 814 1658 858 &HM—

133 875 248 920 ..ma
273 876 518 933 Ἀρίστωνος.
580 876 633 919 In
666 878 830 919 talibus
869 884 967 920 ante
997 879 1286 933 posteriorem
1315 876 1555 918 articulum
1583 886 1655 915 co-

134 935 272 988 gitari
293 935 425 976 debet
459 935 654 978 δηλονότιε
688 948 810 982 nam,
844 939 894 977 ut
922 935 966 976 S.
998 935 1043 977 2.
1067 936 1331 981 monuimus,
1363 933 1655 987 significatur,

134 993 402 1047 primarium
422 993 547 1046 sequi
571 994 773 1040 verbum,
794 994 851 1035 ad
870 994 982 1046 quod
1001 994 1194 1034 maxime
1229 991 1547 1034 attendendum
1577 989 1654 1030 sit.

137 1048 213 1092 Sic
233 1050 428 1104 primum
462 1054 529 1092 est
564 1048 678 1105 ἄρτος
713 1064 800 1092 non
836 1051 992 1098 omnis,
1031 1052 1107 1093 sed
1137 1054 1313 1093 tantum
1344 1051 1540 1096 ἐπιούσιος,
1572 1045 1656 1089 ali-

135 1113 280 1150 menta
311 1107 420 1161 (non
457 1109 695 1162 exquisita,
726 1123 869 1163 neque
899 1111 1087 1163 copiosa,
1123 1109 1200 1150 sed
1230 1108 1426 1163 tantum)
1459 1117 1554 1162 quae
1578 1117 1658 1146 na-

138 1171 237 1209 tura
272 1164 511 1214 decideram
535 1166 686 1208 ‘simul
718 1170 764 1208 et
788 1167 1072 1219 significatur,
1103 1167 1194 1207 tale
1229 1163 1406 1207 ἐπίθετον
1438 1176 1528 1205 non
1557 1175 1656 1204 esse

136 1223 390 1277 poeticum:
424 1224 684 1272 secundum,
715 1238 884 1272 nomen,
911 1230 953 1266 et
974 1223 1140 1280 quidem
1166 1221 1422 1265 Medorum.-
1451 1222 1655 1270 tertium,

135 1285 275 1322 cetera
304 1293 391 1323 non
411 1283 578 1329 omnia,
601 1295 698 1335 quae
732 1283 778 1323 in
818 1286 1005 1323 mentem
1035 1283 1185 1324 venire
1216 1284 1422 1336 possunt,
1453 1278 1531 1320 sed
1564 1290 1660 1333 quet

136 1336 198 1379 ad
230 1351 362 1395 remp.
389 1337 636 1395 pertinent:
675 1343 903 1393 quartum,
945 1337 1084 1388 Plato,
1135 1346 1176 1381 et
1225 1337 1397 1394 quidem
1438 1335 1515 1389 (ne
1556 1335 1659 1389 quis

136 1395 276 1437 alium
312 1398 407 1449 ejus
438 1397 632 1438 nominis
663 1397 886 1438 hominem
913 1411 955 1438 v.
986 1411 1019 1438 c.
1052 1397 1318 1438 Sardianum
1351 1395 1479 1436 illum
1511 1391 1660 1439 Plato-‚-

135 1465 238 1495 nem
270 1454 506 1508 intelligat,
536 1454 850 1509 philosophum
880 1453 1159 1509 Epicureum)
1190 1450 1411 1495 Aristonis
1433 1450 1478 1507 f.
1511 1449 1662 1493 Socra-

138 1509 197 1552 tis
214 1509 407 1553 auditor.
467 1511 556 1554 Sed
574 1516 745 1554 certum
771 1513 908 1554 etiam
929 1514 1065 1554 locum
1085 1513 1344 1565 adjungam.
1405 1507 1542 1550 Isocr.
1574 1506 1659 1550 Pa-

138 1581 240 1621 neg.
271 1567 345 1610 47.
373 1571 551 1616 μάλιστα
570 1570 641 1618 μὲν
674 1570 987 1620 Λακεδαιμονίοις
1018 1574 1246 1620 ἐγκαλοῦσιν,
1275 1570 1410 1609 ἔπειτα
1436 1565 1559 1607 δὲκαὶ
1578 1569 1659 1607 τόῖς

140 1623 276 1668 ἄλλοις
295 1629 374 1668 τοῖς
390 1630 603 1680 μετέχουσι
623 1630 694 1671 τῆς
710 1629 870 1683 εἰρήνης.
928 1626 1016 1669 Hic
1036 1630 1174 1680 μετ-ἐχ.
1196 1627 1293 1668 sine
1313 1626 1505 1667 articulo
1518 1624 1659 1678 signi·

138 1681 308 1731 ficaret,
330 1684 466 1726 etiam
484 1683 839 1727 Lacedaemonios
859 1698 955 1727 esse
969 1684 1200 1740 participes
1217 1684 1359 1738 pacis,
1388 1695 1488 1724 cum
1507 1685 1660 1723 tamen

139 1740 229 1782 sint
247 1746 439 1784 auctores
457 1743 597 1797 pacis,
620 1746 665 1783 et
686 1743 799 1784 alios
818 1743 1007 1784 fecerint
1026 1755 1114 1795 eus
1134 1742 1393 1796 participes.
1425 1738 1532 1781 Rite
1552 1751 1660 1793 ergo

138 1797 477 1853 distinguuntur
494 1801 575 1842 hoc
600 1801 787 1842 articulo
816 1814 844 1842 a
861 1800 1194 1842 Lacedaemoniis
1212 1798 1526 1846 Athenienses,
1545 1795 1661 1840 The-

140 1856 264 1905 bani,
278 1855 503 1900 Corinthii
524 1861 568 1900 et
582 1857 760 1912 Argivi.

201 1913 244 1955 7.
275 1913 555 1970 Periphrasis
576 1916 654 1957 illa
674 1916 916 1963 nominum,
939 1915 984 1956 τὸ
1005 1918 1072 1960 τῆς
1087 1918 1235 1969 τύχης,
1256 1913 1309 1955 ταὶ
1329 1915 1402 1958 τῆς
1419 1912 1660 1967 φιλοσοφίας,

142 1985 225 2027 pro
245 1972 346 2026 ipsa
385 1976 515 2029 τύχῃ,
550 1975 647 2028 ipsa
679 1976 898 2027 φιλοσοφίᾳ,
935 1979 1003 2016 est
1034 1973 1297 2016 abundantis
1325 1971 1518 2014 articuli.
1578 1969 1662 2012 Vis

144 2033 295 2072 autem
315 2031 410 2084 ejus
439 2033 486 2072 in
506 2032 722 2086 exemplis
743 2031 982 2086 propositis
1003 2037 1091 2073 est⁴
1122 2037 1258 2074 totum
1285 2028 1414 2077 illud,
1447 2026 1665 2087 quidquid

132 2085 328 2144 fortunae
356 2088 529 2147 nomine
561 2089 891 2146 complectimur,
924 2093 970 2131 et
1004 2088 1128 2132 omnis
1146 2085 1436 2146 philosophia.
1495 2085 1664 2128 Locum

142 2145 239 2187 fere
259 2146 394 2188 habet
421 2148 468 2188 in
489 2148 638 2196 rebus,
676 2161 865 2202 quarum
894 2147 1134 2190 discernere
1172 2147 1276 2189 licet
1307 2146 1458 2188 varias
1490 2147 1661 2200 partes,

144 2203 363 2245 attributa
384 2209 427 2246 et
446 2206 534 2246 alia
553 2205 807 2259 praedicata,
845 2208 894 2247 ut
913 2205 966 2247 de
1003 2207 1062 2247 iis
1093 2207 1217 2260 plura
1246 2203 1435 2257 cogitari
1468 2202 1661 2258 possint,

144 2259 594 2362 gennulta3exempla
612 2265 892 2319 reperiuntur
918 2264 964 2304 in
997 2261 1136 2305 Fisct.
1168 2262 1431 2303 Animadvv.
1451 2261 1510 2302 ad
1526 2257 1663 2302 Well.

192 2331 227 2360 r.
248 2319 278 2361 i.
298 2332 343 2374 p.
393 2320 466 2362 35.

204 2374 248 2417 8.
269 2375 374 2419 Jam
396 2378 512 2421 Sect.
542 2379 579 2420 1.
603 2380 692 2421 vim
714 2380 910 2433 aliquam
941 2379 1118 2420 articuli
1142 2382 1247 2420 ante
1278 2378 1338 2418 τίς
1356 2376 1492 2432 positi
1513 2376 1663 2430 tetigi-

147 2445 260 2486 mus,
290 2447 388 2488 quae
407 2437 456 2478 in
487 2438 608 2478 omni
641 2438 842 2478 oratione
871 2438 1016 2478 locum
1047 2436 1190 2478 habet.
1251 2435 1345 2481 Sedr
1366 2435 1458 2477 alia
1487 2434 1665 2476 videtur

147 2504 245 2533 esse
266 2492 312 2533 in
344 2494 503 2535 mediis
538 2496 785 2546 colloquiis,
816 2495 893 2535 ubi
931 2499 1206 2549 exspectatur
1239 2505 1501 2547 responsum
1520 2492 1662 2534 conti-

147 2561 238 2591 nuo
257 2550 593 2604 subjiciendum.
652 2551 901 2599 FischeruS‚
931 2553 1009 2606 qui
1030 2553 1059 2593 1.
1078 2553 1168 2608 hp.
1190 2551 1290 2595 340.
1324 2551 1529 2605 exempla
1558 2563 1662 2604 sup-

145 2607 336 2666 peditat,
369 2610 597 2666 commode
628 2614 672 2651 et
704 2610 898 2652 breviter
925 2610 1047 2661 dicit,
1068 2611 1296 2652 articulum
1332 2608 1398 2650 ita
1434 2607 1666 2663 praemitti,

144 2667 198 2720 ut
220 2666 312 2707 vim
344 2667 575 2708 relativam
606 2666 784 2708 habeat.
846 2665 1051 2709 Pluribus
1082 2669 1129 2709 id
1155 2669 1347 2710 illust-rat
1377 2664 1664 2708 Hermannus

145 2723 203 2764 ad
222 2722 375 2776 Vigeri
397 2726 560 2766 librum
579 2738 627 2779 p.
652 2723 768 2767 704.»
813 2722 1022 2767 Ostendit
1050 2729 1212 2773 autem,
1245 2725 1302 2778 rb*
1319 2737 1493 2779 semper
1506 2720 1664 2765 referri

147 2781 204 2824 ad
223 2782 392 2835 aliquid
425 2783 704 2830 antecedens,
734 2795 874 2835 neque
894 2783 1012 2824 idem
1031 2797 1142 2832 esse,
1169 2782 1284 2837 quod
1314 2786 1451 2824 τοῦτ-οε
1484 2781 1664 2823 obstare

143 2839 384 2882 tritissima.
414 2840 508 2888 illa,
539 2840 584 2880 τὸ
606 2844 715 2881 ποῖον
746 2844 895 2882 τοῦτ-οῖ
924 2841 978 2882 ταὶ
1005 2844 1097 2882 ποῖα
1129 2842 1295 2884 vaura?
1355 2838 1489 2880 Hunc
1525 2839 1664 2892 igitur

147 2910 277 2939 usum
295 2898 475 2940 articuli
504 2899 572 2939 vir
591 2898 748 2940 doctus
769 2899 833 2941 sic
867 2899 1085 2953 explicat:
1118 2897 1176 2947 Is,
1205 2899 1283 2953 qui
1304 2898 1567 2950 interrogat,
1587 2908 1664 2937 au-

147 2954 296 3005 diendi
320 2956 469 3001 studio
490 2955 553 3009 id,
573 2956 693 3019 quod
710 2956 899 3006 alterum
930 2957 1075 3002 dicere
1104 2959 1213 3007 vult,
1246 2958 1540 3013 occupaturus
1567 2953 1668 3012 ipse
