1838 3164
724 155 1050 197 :macoma
1611 143 1663 189 17

130 278 268 324 quam
286 282 402 313 nunc
419 270 565 325 quivis
587 269 719 311 homo
736 282 825 311 non
853 270 987 324 plane
1015 267 1181 310 bardus
1200 267 1255 310 de
1273 268 1425 322 vulgo.
1485 265 1659 310 Verun-

115 332 282 374 stamen
300 329 357 370 de
370 327 675 383 magnitudine
694 328 925 382 sapientiae
942 330 1022 369 aut
1033 327 1279 381 prudentiae
1293 339 1381 368 non
1401 327 1657 380 quaerimus,

132 387 211 427 sed
231 387 287 428 de
304 398 451 438 causa,
479 399 558 428 cur
577 385 704 438 hujus
725 387 906 427 virtutis
939 384 1018 425 fiat
1049 386 1232 432 mentio,
1268 398 1368 426 cum
1395 385 1532 425 verba
1553 386 1659 427 sim-

132 443 310 497 pliciter
343 444 465 486 facta
487 445 837 485 commemorari
877 442 1082 484 debeant.
1143 441 1262 484 Nam
1298 455 1379 497 per
1412 454 1462 483 se
1492 441 1657 495 frigide

116 500 243 542 .i11ud
263 502 489 543 abundare
509 501 694 542 videtur.

187 558 227 614 §-
253 557 319 600 16.
348 558 524 600 Tertius
544 559 899 613 pleonasmorum
918 557 1019 598 fons
1046 560 1113 598 est
1131 557 1185 599 ’in
1204 556 1351 598 studio
1369 553 1656 612 perspicuita-

133 613 206 658 tis.
263 613 466 671 Exempli
486 628 619 657 causa
645 616 894 657 necessario
923 615 993 657 hic
1013 614 1396 657 commemoranda
1415 619 1483 656 est
1503 615 1659 655 verbo-

115 686 231 716 -rum
249 674 442 726 cujusvis
461 673 634 726 generis
651 677 753 726 post
764 672 1049 728 parenthesin
1066 677 1145 714 aut
1164 672 1255 714 alia
1273 671 1504 724 interjecta
1523 671 1659 713 verba

131 732 356 786 repetitio,
387 732 531 784 qualis
553 735 618 772 est
633 730 785 785 Eurip.
809 729 1026 773 Phoeniss.
1054 729 1155 772 510.
1183 728 1302 778 Ἐμοὶ
1321 729 1410 777 μὲν,
1442 730 1472 769 εἲ
1504 729 1569 770 καὶ
1595 728 1657 776 μὴ

115 787 224 830 ’καθ’
248 786 453 833 Ἑλλήνων
474 787 604 842 χθόνα
624 787 894 843 τεθράμμεθ’,
926 791 1017 829 ἀλλ’
1039 785 1099 829 οὖν
1121 787 1258 837 ξυνετά
1275 804 1340 835 μοι
1360 785 1479 828 δοκεῖς
1512 790 1654 836 λέγειν.

115 843 279 887 Multa
297 846 428 900 hujus
448 847 619 900 generis
640 846 842 887 Zeunius
865 846 999 887 habet
1028 846 1085 887 ad
1114 845 1316 899 Xenoph.
1350 842 1461 899 Exp.
1498 842 1601 898 Cyri
1625 845 1656 886 i.

116 901 176 953 8,
212 903 279 945 13.
311 908 357 945 et
376 905 491 951 aliis,
521 917 631 958 quos
665 906 759 958 ipse
786 909 1019 951 monstrat,
1050 905 1172 945 locis.
1234 902 1404 943 Similis
1425 903 1542 944 ratio
1572 906 1658 950 est,

111 961 210 1002 -ubi
231 964 330 1015 post
359 961 590 1014 interJecta
623 962 837 1009 membra,
869 963 1079 1015 neglectis
1113 961 1333 1016 prioribus
1366 960 1528 1008 verbis,
1560 964 1659 1002 tota

130 1020 350 1060 sententia
368 1020 553 1061 mutatis
577 1015 730 1061 verbis'
747 1021 977 1074 repetitur.
1007 1017 1107 1061 Vid.
1130 1019 1239 1060 οὗτος
1260 1018 1304 1060 S.
1325 1018 1368 1060 3.
1401 1017 1659 1072 Saepissime

119 1087 283 1130 porro,
312 1090 412 1118 cum
448 1078 637 1130 alicujus
663 1078 806 1119 oratio
827 1077 1031 1126 refertur,
1061 1077 1143 1120 etsi
1166 1077 1222 1118 ab
1253 1077 1383 1118 initio
1402 1076 1570 1118 dictum
1588 1079 1659 1131 est

131 1130 229 1185 εἴτε,
258 1131 360 1175 εἶπον
392 1139 476 1177 etc.
504 1139 651 1176 tamen
671 1136 875 1189 pluribus
894 1136 1001 1177 locis
1023 1135 1319 1188 interponitur
1341 1134 1450 1187 ἐ’φην,
1472 1134 1545 1187 ’ἔφη
1570 1136 1657 1175 etc.

129 1196 210 1233 aut
228 1191 276 1233 in
296 1193 494 1234 oratione
513 1193 692 1246 obliqua
713 1195 842 1245 φάναι,
874 1194 1042 1234 scilicet
1061 1197 1112 1234 ut
1131 1193 1376 1234 clarissime
1405 1191 1554 1234 videat
1573 1191 1658 1232 lec-

116 1251 216 1297 ntor,
245 1261 336 1303 qua
355 1250 401 1291 in
421 1252 619 1292 oratione
639 1256 853 1301 versetur,
882 1255 927 1291 et
958 1254 1010 1292 ut
1043 1255 1211 1291 mature
1230 1251 1286 1292 ab
1308 1262 1456 1291 errore
1484 1261 1657 1291 revoce-

130 1309 222 1355 tur,
252 1308 289 1347 si
306 1307 423 1348 forte
442 1307 564 1348 aliud
585 1320 739 1361 agens,
771 1321 852 1349 nec
871 1309 982 1349 satis
1016 1311 1226 1357 attentus,
1257 1308 1477 1363 opinetur,
1505 1310 1656 1349 aucto-

127 1374 221 1405 rem
241 1376 267 1404 e
287 1376 368 1406 sua
386 1378 576 1419 persona
597 1365 733 1417 loqui.

185 1421 223 1476 ς.
244 1420 310 1462 17.
332 1419 527 1469 Quartus
547 1423 647 1464 fons
665 1427 731 1464 est
750 1421 998 1478 gravitatis.
1032 1422 1118 1464 Sed
1138 1423 1334 1476 gravitas
1354 1435 1407 1464 ea
1422 1425 1492 1464 est
1510 1422 1654 1465 virtus

129 1479 360 1527 orationis,
390 1492 479 1533 qua
501 1494 570 1522 res
589 1481 787 1535 insignes
808 1486 852 1522 et
872 1481 928 1522 ad
958 1481 1157 1522 animum
1178 1480 1350 1532 laetitia,
1380 1481 1547 1528 dolore,
1577 1481 1656 1523 ad—

115 1537 364 1579 .miratione
382 1538 526 1579 aliove
539 1544 658 1580 motu
674 1539 951 1580 afficiendum
968 1539 1307 1580 accommodatae
1322 1551 1411 1580 uno
1428 1539 1560 1581 verbo
1575 1542 1656 1581 aut

131 1595 284 1648 paucis
305 1596 368 1636 ita
387 1599 610 1650 ponuntur
630 1597 687 1637 ob
707 1597 868 1643 oculos,
900 1602 950 1638 ut
971 1602 1117 1638 motus
1140 1597 1213 1638 ille
1243 1609 1298 1638 ex
1322 1600 1503 1651 repente
1525 1597 1655 1638 intel-

129 1650 246 1693 lecta
263 1654 329 1695 rei
351 1654 656 1705 magnitudine
675 1660 983 1709 consequatur.
1044 1653 1137 1695 Nos
1169 1653 1353 1696 dicimus
1381 1650 1654 1696 Nachdmclc.

131 1706 236 1751 Uno
268 1711 472 1764 exemplo
508 1711 617 1752 satis
648 1713 733 1753 erit
768 1712 851 1753 hoc
886 1712 1148 1754 illustrasse.
1209 1711 1341 1765 Apud
1374 1709 1655 1753 Herodotum

128 1766 205 1808 vii.
241 1766 332 1809 166.
355 1768 446 1810 haec
467 1768 680 1821 legimus:
714 1768 777 1810 τὸν
797 1768 837 1810 δὲ
860 1768 1065 1817 Ἀμίλκαν
1097 1801 1107 1810 .
1141 1799 1153 1810 .
1186 1800 1198 1810 .
1229 1767 1482 1821 ’ἀφανισθῆναι
1498 1767 1653 1810 πυνθά-

128 1837 255 1872 νομαι*
277 1825 363 1866 οὔτε
382 1826 458 1881 ’γάρ
482 1826 625 1880 ζῶντα,
653 1826 739 1868 οὔτε
770 1824 1014 1868 ἀποθανόντα
1036 1829 1195 1880 φανῆναι
1214 1825 1384 1875 οὐδαμοῦ
1402 1829 1488 1875 γῆς.
1548 1826 1654 1869 Non

129 1882 363 1925 obscurum
391 1888 487 1925 erat
523 1884 781 1926 adverbium
808 1883 977 1930 οὐδαμοῦ
1010 1897 1089 1939 per
1122 1897 1169 1926 se
1202 1884 1414 1940 positum,
1446 1896 1588 1938 neque
1608 1884 1656 1927 id

50 1963 54 1969 -
128 1938 261 1982 facile
280 1941 383 1994 quis
402 1941 675 1995 intelligeret
694 1942 775 1992 ita,
805 1940 1109 1984 Hamilcarem
1129 1955 1168 1984 v.
1190 1955 1229 1983 c.
1259 1942 1382 1983 nullo
1402 1943 1449 1983 in
1466 1942 1562 1983 loco
1582 1942 1654 1984 Si-

127 1997 262 2046 ciliae,
303 2001 381 2039 aut
417 1999 540 2040 nulla
576 2004 705 2054 parte
745 1998 1030 2052 Carthaginis
1067 1999 1358 2055 apparuisse3
1404 2000 1656 2054 praesertim

116 2066 229 2095 cum
257 2058 545 2098 antecesserit
564 2055 829 2110 ἀφανισθῆναι.
888 2056 976 2099 Sed
997 2058 1130 2099 verbo
1149 2059 1224 2106 «γῆς
1241 2057 1396 2099 addito
1415 2059 1545 2110 longe
1564 2058 1654 2099 cla-

130 2113 224 2153 r10r
248 2113 324 2154 lux
352 2115 564 2162 exoritur,
596 2115 662 2156 ita
681 2119 732 2156 ut
751 2119 932 2169 repente
967 2119 1112 2156 totum
1140 2116 1293 2156 orbem
1312 2119 1532 2156 terrarum
1550 2128 1654 2156 ocu-

126 2168 185 2210 lis
222 2171 362 2211 animi
396 2172 615 2224 objectum
648 2173 901 2226 conspicere
930 2173 1172 2224 videamur,
1219 2173 1449 2224 multoque
1487 2173 1654 2225 clarius

127 2227 373 2280 majorique
393 2241 490 2269 cum
511 2229 806 2271 admiratione
824 2230 1138 2283 intelligamus,
1164 2243 1267 2272 eum
1301 2230 1425 2272 nulla
1455 2229 1503 2271 in
1522 2233 1654 2286 parte

127 2287 344 2327 terrarum
363 2287 556 2340 amplius
576 2287 716 2330 fuisse
735 2288 891 2328 visum.
1279 2285 1284 2288 ’

186 2339 380 2385 Omnino
401 2349 547 2386 autem
576 2344 630 2386 ad
665 2345 1015 2393 multitudinem,
1046 2345 1414 2399 magnitudinem,
1444 2349 1654 2402 praestan-

126 2399 238 2441 tiam
286 2405 332 2442 et
369 2413 677 2455 quamcunque
727 2404 816 2444 vim
867 2415 1015 2444 rerum
1054 2403 1274 2457 insignem
1318 2403 1653 2459 exprimendam

129 2468 248 2510 saepe
275 2458 452 2500 additur
490 2472 649 2501 nomen
689 2460 859 2513 generis
891 2461 960 2501 vel
999 2461 1158 2514 partis,
1198 2461 1254 2502 ad
1291 2473 1426 2514 quam
1459 2462 1653 2517 pertinet

126 2515 427 2568 praedicatum.
488 2515 587 2559 Hoc
607 2517 735 2564 facit,
766 2522 818 2559 ut
846 2519 1022 2558 animus
1051 2519 1201 2572 paullo
1227 2519 1397 2561 diutius
1416 2518 1462 2560 in
1481 2533 1531 2561 re
1550 2532 1654 2561 con-

126 2571 360 2615 sideranda
393 2574 643 2628 occupetur.
704 2574 836 2616 Diod.
866 2574 953 2616 Sic.
985 2577 1076 2616 xvi.
1114 2574 1186 2617 86.
1225 2576 1433 2618 αντίπαιδα
1462 2577 1534 2620 τὴν
1565 2577 1653 2621 ἧλι-

127 2630 214 2670 ula„
242 2629 350 2678 ὄντα,
382 2630 556 2673 διάδηλον
586 2631 625 2672 δὲ
655 2632 726 2674 *rim
745 2631 909 2688 α’νδρείαν
939 2636 1021 2674 etc.
1053 2631 1269 2675 Herodot.
1291 2635 1339 2675 ii.
1360 2633 1432 2675 96.
1454 2638 1567 2677 extr.
1597 2634 1652 2676 τᾶ

127 2690 253 2728 πλοῖα
273 2693 401 2729 ταῦτα
418 2687 742 2732 ωλῆῧεῖπολλσὲ.
776 2688 908 2731 Paus.
936 2691 1015 2732 vii.
1052 2690 1122 2740 15,
1152 2691 1195 2733 3.
1229 2693 1521 2733 ἀποκτείναντες
1538 2692 1651 2735 πλοί-

128 2740 189 2784 ὃει
205 2748 393 2791 πολλούς.
429 2749 474 2787 et
492 2746 587 2788 viii.
620 2745 693 2797 23,
725 2746 765 2788 6.
796 2750 1039 2803 παρέχονται
1064 2751 1243 2803 χελώνας
1262 2750 1454 2798 μεγίστας
1472 2747 1649 2798 μεγέθει.

129 2798 535 2845 Sedvid.maxime
555 2801 757 2858 Xenoph.
782 2803 916 2846 Mem.
939 2806 988 2846 ii.
1010 2805 1048 2847 1.
1078 2807 1153 2848 ubi
1178 2805 1278 2858 ἰδεῖν,
1309 2809 1431 2859 φύσει,
1462 2806 1650 2855 ὄμματα,

130 2861 274 2910 σχῆμα
308 2864 354 2902 et
383 2865 533 2916 χρῶμα
563 2861 620 2902 ad
654 2874 828 2903 sensum
859 2863 1112 2906 inornatum
1149 2867 1440 2906 accesserunt.
1471 2862 1575 2905 Vid.
1596 2867 1653 2905 et

130 2911 365 2960 Praemon.⁴
388 2919 443 2960 de
489 2919 781 2961 substantivis
816 2921 875 2962 vi.
945 2919 1012 2963 Ex
1046 2923 1129 2964 hoc
1160 2922 1417 2976 pleonasmo
1457 2922 1656 2974 gravitas

130 2977 239 3017 nata
269 2980 338 3021 est
375 2977 459 3020 loci
500 2977 623 3024 illius
658 2978 775 3034 apud
815 2975 1076 3024 Ciceronem
1108 2991 1177 3023 or.
1216 2993 1299 3036 pro
1334 2978 1397 3021 Μ.
1440 2977 1655 3023 Marcello

1349 3045 1423 3087 *c
