1838 3164
698 150 1116 186 nonos-nomos.
1597 132 1682 179 251

613 252 642 283 ὕ
658 249 976 308 ΠοΤΑΜοῐ,
1005 251 1083 297 Η,
1091 247 1241 296 υνη.

181 331 206 338 ‘¹
223 329 331 382 Haee
349 341 436 376 vox
453 328 572 388 apud
591 328 679 380 Qu.
713 329 957 388 Calabrum
988 328 1081 372 xiv.
1102 327 1202 388 641.
1230 326 1355 371 deest
1382 325 1432 369 in
1468 326 1694 369 κελάδοντες

164 392 211 433 et
230 391 451 446 χείμαῤῥοι,
470 394 517 432 et
529 389 637 432 alibi
658 388 865 440 ἱῃάἰέναοι,
881 392 927 432 et
953 388 1017 431 ix.
1035 385 1109 430 45.
1137 385 1321 436 ποταμὸς
1353 386 1402 434 in
1432 385 1578 430 δινήεις.
1600 386 1690 434 vid.

166 447 353 492 Vannus
373 447 484 491 Crit.
502 460 549 503 p.
565 446 668 516 353.
699 445 870 489 Lmsrt.
1360 451 1364 453 “

580 519 608 548 *
627 517 959 568 ΠΟΤΑΜΟΣ,
988 515 1275 562 FLUVIUS.

225 594 295 638 De
321 595 405 638 hac
436 595 580 650 ellipsi
614 595 680 637 ita
712 592 975 638 Eustathius
1007 594 1066 637 ad
1093 593 1222 637 Iliad.
1253 591 1315 635 N.
1346 605 1390 648 p.
1420 590 1522 634 906.
1556 590 1690 640 1.·12.

159 650 234 694 Ἐν
262 659 318 710 τῷ
337 653 549 709 χείμαῤῥος
570 654 694 694 λείπει
721 653 768 694 τὸ
793 655 991 702 ποταμός.
1049 651 1182 695 Plene
1201 651 1335 693 habet
1368 649 1577 705 Polybius
1595 653 1631 694 t.
1660 650 1692 693 i.

163 722 212 767 p.
230 709 329 754 464·
359 711 593 767 χειμάρρους
609 711 805 768 ποταμᾷς.
863 709 1128 754 Theocritus
1147 708 1272 766 Idyll.
1284 709 1394 751 xxii.
1412 721 1456 752 V·
1479 706 1549 752 50.

336 791 798 802 ——-———-
812 767 873 810 οὕς
892 786 936 810 τε
956 769 1138 811 κυλίνδων

338 824 581 882 Χειμάῤῥους
599 824 782 876 ποταμὸς
801 827 999 875 μεγάλαις
1016 825 1207 883 περιέξεσε
1225 824 1355 868 δίναις.

165 876 219 926 In
235 878 379 940 ῥέοντες
395 885 516 940 apud
537 881 782 927 Homerum
801 882 927 926 Iliad.
946 886 1000 927 P.
1023 899 1066 926 v.
1090 883 1191 926 751.

338 943 653 985 -----οὖδέ
676 959 714 984 τι
734 940 860 985 σθένεΐ
869 944 1024 999 ῥηγνῦσι
1042 945 1198 1000 ῥέοντες.

166 997 301 1050 Plene
318 998 451 1042 Iliad.
471 999 536 1045 Π.
557 999 713 1043 v.389.

338 1057 860 1108 -----ποταμοὶ
874 1057 1075 1104 πλήθουσι
1091 1060 1253 1115 ῥέοντες.

166 1111 334 1168 Eadem
362 1117 531 1173 ellipsis
552 1118 748 1159 obtinuit
764 1131 939 1173 quoque
961 1118 1081 1172 apud
1099 1116 1279 1160 Latinos
1316 1115 1361 1158 in
1369 1111 1555 1170 fluvius,
1574 1114 1697 1170 quod

168 1185 251 1215 sua
281 1176 445 1227 natura
473 1179 542 1218 est
585 1175 869 1229 adiecturum,
900 1180 945 1218 et
978 1176 1335 1218 subintellectum
1365 1174 1501 1216 habet
1539 1171 1695 1224 amnis.

168 1220 273 1282 vid.
292 1229 462 1274 sanctii
484 1231 675 1275 Minerv.
697 1247 743 1288 p.
778 1234 879 1276 553.
937 1232 1123 1275 Vossius
1156 1233 1211 1275 de
1241 1231 1495 1274 Construct.
1515 1245 1614 1287 cap.
1634 1232 1696 1274 vi.

167 1286 243 1329 Sic
262 1289 309 1330 in
343 1291 595 1332 nominibus
624 1291 818 1346 propriis
846 1291 1078 1333 fluminum
1106 1291 1274 1344 ubique
1302 1288 1485 1344 Ellipsis
1514 1303 1564 1339 re
1591 1302 1699 1331 vera

165 1350 342 1399 regnat,
373 1348 549 1401 quando
569 1361 719 1390 eorum
754 1350 936 1391 nomina
966 1349 1167 1390 absolute
1197 1352 1442 1403 ponuntur,
1464 1360 1504 1390 e.
1529 1361 1575 1401 g.
1616 1344 1697 1389 Ta-

167 1402 279 1453 nais,
308 1403 433 1454 Ister,
471 1404 704 1448 Volturnus
724 1411 809 1449 cet.
830 1407 909 1449 ubi
940 1419 1113 1462 semper
1123 1406 1291 1462 flumen
1323 1406 1391 1447 vel
1424 1404 1565 1448 amnis
1593 1417 1697 1459 sup·

165 1462 378 1521 primitur
396 1477 408 1511 ;
439 1464 629 1518 indeque
647 1465 809 1519 saepius
828 1466 886 1508 ab
905 1465 1160 1507 auctoribus
1197 1466 1328 1519 plena
1349 1464 1550 1504 oratione
1570 1475 1697 1518 repe-

167 1519 297 1563 ritur.
358 1520 433 1563 Sic
471 1519 592 1563 Mela
628 1523 706 1564 lib.
742 1523 791 1564 ii.
825 1536 920 1578 cap.
956 1521 997 1565 4.
1038 1520 1220 1566 Flumen
1239 1520 1483 1569 Metaurus,
1522 1524 1569 1563 et
1589 1520 1698 1562 ibid.

167 1575 207 1635 ᾖ.
233 1576 306 1620 95.
374 1577 607 1622 Volturnus
630 1578 785 1622 amnis.
845 1580 1065 1636 Ellipticae
1093 1582 1264 1636 pariter
1283 1583 1418 1633 atque
1438 1580 1581 1635 plenae
1601 1590 1700 1620 ora-

100 1678 101 1682 ,
168 1634 307 1678 tionis
326 1638 531 1693 exempla
552 1639 685 1680 habet
705 1637 923 1682 Horatius
950 1639 1029 1681 lib.
1050 1640 1105 1681 iv.
1128 1640 1199 1682 od.
1235 1652 1308 1680 xv.
1342 1650 1432 1680 ver.
1465 1636 1535 1678 21.
1595 1634 1698 1678 Non

169 1692 248 1749 qui
250 1693 523 1753 profundum
537 1693 790 1739 Danubium
806 1696 971 1739 bibunt.
993 1701 1038 1739 et
1049 1710 1136 1738 ver.
1156 1695 1228 1739 24.
1260 1694 1361 1737 Non
1384 1693 1552 1737 Tanain
1560 1707 1699 1752 prope

156 1749 328 1805 flumen
360 1752 458 1796 orti.
504 1753 718 1796 Scnwnn.
780 1755 884 1797 Non
922 1755 1139 1797 assentior
1174 1753 1450 1797 Schwebelio
1489 1753 1562 1795 hic
1589 1765 1697 1805 quo-

168 1821 256 1862 que
284 1810 342 1852 ad
376 1813 603 1865 ingenium
637 1813 873 1856 relabenti.
950 1812 1135 1854 Talibus
1165 1812 1286 1854 enim
1317 1811 1568 1852 nominibus
1596 1823 1700 1866 pro-

166 1867 280 1921 priis
294 1871 467 1921 quoties
485 1871 758 1925 appellativa.
790 1872 1025 1926 scriptores
1054 1872 1268 1925 jungunt,
1301 1869 1476 1911 faciunt
1513 1871 1592 1909 aut
1625 1881 1701 1910 ne-

168 1927 375 1968 cessitate
395 1929 554 1975 coacti,
574 1931 625 1969 ut
642 1929 827 1971 lectores
860 1930 1062 1978 doceant,
1083 1928 1285 1975 fluvium,
1321 1926 1493 1975 urbem,
1529 1925 1619 1968 alia
1652 1925 1700 1966 id

170 1995 326 2036 genus,
347 1984 634 2037 intelligenda
664 1999 777 2034 esse,
811 1990 890 2028 aut
920 1990 1140 2028 sect-antes
1169 1986 1463 2041 pleonasmos,
1493 1985 1569 2041 qui
1599 1996 1699 2026 ora-

168 2041 283 2082 tioni
304 2054 421 2083 nunc
440 2044 529 2084 vim
545 2044 787 2096 quandam,
808 2057 925 2087 nunc
941 2057 1145 2087 numeros
1164 2045 1355 2086 aliamve
1368 2043 1576 2085 virtutem
1595 2055 1697 2084 con-

169 2099 338 2140 cilient.
398 2099 598 2142 SCHAEF.

233 2158 256 2210 *-
277 2163 308 2182 “
345 2155 520 2199 Torrens
553 2162 735 2201 vocatur
752 2159 983 2215 χείμαρῤος,
1003 2163 1051 2202 et
1069 2159 1320 2215 χειμάρρους,
1351 2158 1543 2212 intelligi
1578 2159 1699 2202 enim

169 2213 300 2257 debet
316 2216 515 2264 ποταμὸς,
544 2218 662 2268 quod
690 2229 851 2260 nomen
871 2218 1259 2271 additum-legitur
1276 2230 1349 2272 ap.
1373 2215 1587 2258 Herodot.
1627 2218 1698 2259 iii.

170 2270 241 2317 81.
262 2271 413 2326 Polyb.
431 2275 492 2316 iv.
526 2273 595 2316 70.
626 2273 820 2317 Pausan.
855 2276 903 2317 ii.
929 2274 1029 2317 25.”
1085 2273 1283 2318 Fischer.
1319 2275 1376 2316 ad
1410 2273 1593 2316 Weller.
1627 2275 1696 2319 iii.

175 2328 215 2372 l·
230 2342 278 2385 p.
293 2329 396 2373 261.
452 2330 652 2374 Stobaeus
670 2346 716 2388 p.
738 2332 802 2375 12.
826 2333 999 2375 Schow.
1044 2331 1106 2374 ‘O
1122 2335 1235 2389 τύχῃ
1249 2334 1332 2382 βίος
1352 2334 1699 2383 συμπεπλεγμένη

171 2385 343 2440 (malim
376 2406 501 2438 συμπ.
523 2391 590 2446 β.)
625 2391 717 2432 ἐὀικε
751 2392 953 2448 χειμάῤῥῳ
980 2396 1168 2447 ποταμῷ.
1227 2389 1395 2435 Eodem
1429 2403 1576 2439 sensu,
1605 2391 1697 2438 sed,

171 2447 223 2493 ut
241 2445 458 2501 sophista,
487 2449 769 2502 exquisitiori
799 2450 1019 2491 locutione
1053 2447 1278 2491 Maximus
1310 2448 1470 2503 Tyrius
1505 2454 1541 2491 t.
1569 2448 1620 2490 ii.
1650 2461 1697 2503 p.

176 2501 271 2544 143.
331 2502 483 2546 Reisk.
514 2510 590 2547 τῶν
608 2510 801 2555 ποταμῶν
815 2509 848 2548 οἷ
860 2509 1059 2562 χειμέριοι.
1087 2507 1208 2562 quod
1224 2521 1312 2549 non
1339 2510 1436 2548 erat
1453 2520 1533 2548 cul·
1553 2509 1696 2548 tenta-

170 2564 238 2602 ret
258 2559 501 2604 Dor-villius
521 2564 579 2605 ad
597 2561 831 2607 Chariton.
854 2577 901 2619 p.
924 2564 1024 2608 573.
1054 2578 1091 2607 s.
1123 2564 1251 2607 Conf.
1288 2564 1475 2607 Diodor.
1505 2563 1594 2606 Sic.
1618 2577 1694 2606 xx.

170 2632 207 2661 c.
232 2616 324 2659 109.
356 2620 590 2675 τηρήσαντες
610 2624 730 2663 νύκτα
758 2625 964 2678 χειμέριον,
995 2629 1159 2666 noctem
1189 2628 1522 2680 tfflnpestuosam-
1583 2620 1697 2664 Pau-

172 2677 318 2718 sanias
339 2677 398 2718 iv.
419 2691 458 2719 c.
480 2677 554 2719 20.
586 2678 632 2719 τὸ
660 2680 735 2734 γαρ
765 2680 861 2736 ὕδωρ
882 2681 1068 2735 ἐβιάζετο
1083 2683 1181 2736 σφᾶς
1214 2679 1349 2737 ἀθρόον
1379 2683 1422 2721 ἐκ
1451 2685 1519 2721 τοῦ
1543 2681 1696 2734 οὗρανοῖι

173 2735 478 2788 καταχεόμενον,
596 2736 660 2777 καὶ
683 2737 771 2786 ἅμα
790 2737 873 2780 οὐδὲ
891 2738 1108 2793 κινήσεσθαι
1136 2738 1225 2781 τοὺς
1244 2738 1567 2787 Λακεδαιμονίους
1581 2736 1698 2782 ἤλπι-

94 2810 100 2818 ’
176 2791 236 2845 ζον
251 2794 287 2833 ἐν
302 2794 474 2850 α’σελῆνῳ
493 2794 600 2835 νυκτὶ
618 2794 682 2835 καὶ
697 2795 796 2836 οὕτω
810 2798 1008 2854 χειμερίῳ.
1035 2798 1114 2838 ubi
1130 2810 1173 2839 v.
1197 2796 1344 2840 Kuhn.
1366 2796 1570 2839 SGHAEF.

584 2867 939 2919 HOTHPION,
969 2869 1168 2914 POC'UL
1176 2870 1283 2914 UM.

232 2937 311 2983 Sic
341 2940 379 2983 ἐν
407 2945 572 3000 μικροῖς,
603 2941 640 2987 ἐν
674 2942 862 2993 μεγάλοις
898 2945 1032 2998 πίνειν,
1075 2945 1172 2988 scil.
1222 2944 1431 3002 ποτηρίοις.
1492 2940 1697 2986 La'e'rtius
