1838 3164
692 131 985 177 innox-merx.
1558 114 1636 163 129

129 258 133 261 ·
187 227 216 259 ἰ
246 234 275 259 “
297 228 506 278 Herodot.
535 235 628 279 vlii.
670 237 764 279 115.
792 239 934 291 ’ἔφασαν
960 237 1165 286 νεμομένας
1184 230 1459 292 Ιεἷρπάἰχρῗιναι·
1490 234 1632 277 intell.

129 286 281 332 ἵπποιιν
306 294 423 348 quod
442 307 616 342 nomen,
645 308 735 348 qua
766 297 1004 345 notionem,
1038 295 1285 336 continetur
1316 293 1635 345 quodammodo

129 349 307 391 nomine
343 351 464 404 ἅρμα,
495 353 612 405 quod
643 353 891 406 praecedit.”
946 349 1139 391 Fischer.
1173 352 1230 391 ad
1262 349 1438 392 Weller.
1478 351 1547 391 iii.
1596 350 1635 390 l.

131 415 174 456 p.
195 404 293 448 258.
353 407 570 463 Compara
588 408 795 451 Herodot.
818 410 877 451 iv.
900 408 943 450 8.
965 411 1079 449 extr.
1104 405 1175 446 τοὶς
1190 403 1230 444 δέ
1256 408 1288 446 οἱ
1301 407 1440 448 ἵππους
1465 407 1536 447 τας
1555 406 1637 445 ἀπὸ

130 465 200 503 τοῦ
215 462 389 519 ἅρματος
405 468 623 515 νεμομένας,
645 468 680 508 ἐν
694 469 819 523 τούτῳ
837 472 893 522 τῷ
911 466 1036 521 χρόνῳ
1054 459 1303 515 ἀφανισθῆναι
1322 460 1411 515 θείῃ
1429 465 1555 516 τύχῃ.
1586 466 1639 503 ut

129 519 259 562 verba
279 523 581 577 interpungere
610 524 775 565 malim.
833 522 1058 565 Pei-simile
1085 518 1369 562 Homericum
1398 516 1557 570 Odyss.
1576 517 1638 558 Π.

129 587 173 615 V·
191 577 294 619 351.
323 578 378 620 ἴδε
396 582 482 629 νῆα,
599 583 702 622 ἱστία
720 598 763 621 τε
784 583 1036 628 στέλλοντας,
1063 578 1207 632 ἐρετμά
1235 593 1276 617 τε
1312 574 1442 629 χερσὶν
1459 576 1641 627 ἔχοντας.

128 630 412 678 Eustathius:
442 636 499 678 ἰ’δε
518 636 645 693 νῆα,ᾗ
663 641 871 682 συννοπτέον
890 637 954 679 καὶ
975 635 1062 678 τοὺς
1077 639 1112 678 ἐν
1137 638 1256 690 αὐτῇ.
1318 631 1407 673 Sed
1424 633 1536 673 talia
1565 645 1640 672 no-

126 690 209 732 lim
227 692 342 734 inter
354 695 573 749 ellipticas
592 696 837 738 locutiones
869 697 1045 742 referre,
1077 705 1261 748 quarum
1291 703 1520 732 recensum
1555 687 1640 730 Bo-

84 784 86 786 ,
128 747 222 790 sius
239 761 372 802 agere
390 753 611 795 instituit:
642 755 733 795 imo
753 757 856 795 sunt
884 753 1062 808 propria
1095 754 1331 804 syntaxeos
1361 746 1526 789 Graecae
1555 748 1640 788 lin-

129 818 242 858 ἕως
282 808 339 850 de
369 810 531 864 quibus
562 811 610 852 in
642 812 743 853 aliis
776 812 902 853 libris
930 811 1200 864 disputatur.
1261 806 1431 848 Similis
1465 807 1641 858 generis

123 869 246 914 Sunt,
279 879 378 920 quae
405 881 536 923 supra
564 869 622 910 ad
658 883 700 911 v.
722 868 887 924 Ἡμέρα
916 868 1065 920 tetigi,
1095 865 1383 907 Homericum
1416 868 1470 919 τῇ
1497 862 1642 919 δεκάτῃ

129 925 232 975 post
259 924 435 980 ἐννῆμαρ,
469 925 779 968 Theocriteum
809 926 956 967 δεκάτω
985 928 1088 980 post
1120 926 1303 966 ἐνναέτης.
1363 920 1468 964 Alia.
1488 920 1640 974 hujus-

130 979 248 1021 modi
265 982 440 1035 collegit
458 981 690 1026 Fischerus
708 986 739 1026 l.
753 999 791 1027 c.
810 997 858 1039 p.
875 983 977 1026 268.
1009 983 1213 1024 Sonat.

604 1058 632 1085 *
663 1056 902 1107 ΙΣΤΙΟΝ,
941 1054 1173 1099 VELUM.
1205 1073 1212 1077 ·

186 1110 302 1155 Vide
322 1127 455 1172 supra
472 1115 519 1157 in
540 1114 700 1172 Δρόμος
717 1129 764 1171 p.
794 1114 867 1157 75.
898 1115 1166 1156 Senon-rra.

126 1181 129 1183 ·
185 1167 215 1196 ⁴¹⁵
245 1169 350 1213 Haec
381 1186 467 1215 vox
500 1174 721 1216 omittitur
759 1174 807 1215 in
840 1173 973 1216 verbo
1002 1170 1180 1226 ὑφέσθαι,
1217 1183 1299 1226 pro
1326 1169 1459 1226 (vela)
1478 1173 1645 1212 contra-

128 1223 241 1276 here,
259 1230 327 1271 vel
360 1228 618 1278 submittere,
648 1230 784 1284 (quod
820 1231 966 1273 facere
995 1230 1255 1283 navigantes
1284 1231 1419 1271 vento
1449 1229 1650 1270 increbe-

128 1289 275 1327 scente
306 1287 482 1342 solent.)
540 1287 777 1342 Sophocles
815 1286 974 1330 Electr.
1008 1285 1111 1328 336.
1168 1285 1260 1328 Νῦν
1293 1285 1326 1326 δ’
1361 1287 1396 1326 ἒν
1424 1288 1554 1326 κακοῖς
1580 1303 1648 1334 μοι

127 1345 242 1383 πλεῖν
261 1345 440 1399 ὑφειμένῃ
452 1344 560 1385 δοκεῖ.
620 1343 748 1386 Nunc
765 1357 862 1386 vero
881 1358 948 1386 me
966 1342 1124 1385 victam
1138 1341 1265 1385 malis
1275 1341 1486 1397 navigare
1500 1343 1648 1398 (velis)
1669 1388 1673 1391 x

127 1399 479 1443 contractioribus
497 1407 672 1458 oportet.
702 1402 790 1456 (vel
823 1403 933 1444 velis
970 1400 1367 1455 submissioribus.)
1398 1401 1475 1441 ubi
1510 1399 1646 1441 Scho-

127 1456 274 1499 liastes
293 1472 304 1498 τ
336 1461 533 1515 ὑφειμένῃ,
553 1460 613 1508 μὴ
636 1461 718 1501 ὅλον
738 1460 784 1500 τὸ
804 1461 918 1501 ἱστίον
939 1459 1228 1514 αἶναπετασαίσῃ·
1252 1457 1336 1499 ἀντὶ
1358 1462 1442 1505 τοῦ,
1464 1457 1569 1498 δοκεῖ
1579 1475 1646 1506 μοι

127 1520 312 1557 ταπεινῶς
341 1515 521 1565 διαλέγειν
551 1516 615 1558 καὶ
650 1519 836 1560 ὖπηκόως.
894 1516 1177 1572 Μεταφορικῶς
1202 1516 1241 1556 δὲ
1270 1516 1428 1564 λέγεται
1465 1514 1543 1555 ἀπὸ
1570 1520 1647 1556 τῶν

126 1574 335 1624 πλεόντων,
364 1573 401 1614 οἳ
414 1574 512 1630 πρὸς
531 1575 601 1618 τὴν
627 1575 715 1624 βίαν
735 1579 810 1616 τῶν
842 1576 986 1623 ἀνέμων
1016 1577 1083 1615 οὐκ
1116 1574 1378 1626 α’ντίσχοντες,
1412 1573 1540 1626 ὖφιᾶσι
1570 1575 1647 1613 τῶν

126 1631 268 1673 ἱστίων.
289 1631 333 1672 h.
351 1645 391 1673 e.
423 1634 601 1688 ὑφειμένῃ
621 1631 744 1684 mihi,
759 1638 989 1688 postquam
1019 1637 1154 1673 totum
1173 1630 1310 1672 velum
1328 1643 1416 1672 non
1436 1627 1643 1685 explicui,

124 1686 202 1728 sed
206 1687 352 1744 potius
372 1688 566 1732 contraxi
583 1695 623 1731 et
641 1688 836 1732 submisi.
860 1690 905 1730 h.
924 1703 965 1730 e.
997 1694 1158 1745 oportet
1184 1701 1251 1728 me
1268 1685 1471 1729 submisse
1490 1693 1532 1728 et
1545 1700 1645 1742 sup-

117 1743 292 1801 pliciter
311 1745 446 1803 loqui.
505 1746 651 1789 Ducta
668 1746 913 1804 metaphora
940 1760 968 1788 a
996 1743 1303 1800 navigantibus
1334 1744 1428 1784 vela
1449 1743 1645 1799 quaedam

124 1802 481 1854 contrahentibus,
502 1804 578 1847 ubi
608 1805 725 1847 venti
741 1803 944 1861 impetum
957 1802 1163 1845 sustinere
1184 1806 1415 1857 nequeunt,
1474 1799 1643 1842 LmsN.

182 1860 211 1888 ²*
239 1859 291 1903 In
311 1861 436 1918 αἴρειν.
493 1862 688 1917 Thucyd.
709 1863 786 1904 vii.
819 1861 892 1903 26.
922 1864 1017 1916 ᾇρας
1037 1862 1079 1900 ἐκ
1104 1862 1176 1903 τῆς
1196 1858 1372 1910 Αἰγίνης,
1397 1857 1475 1898 ubi
1508 1857 1646 1899 Scho-

124 1918 306 1960 liastes:
338 1921 390 1961 τοὶ
410 1921 513 1961 ἱστία
544 1920 729 1964 δηλονότι.
789 1918 921 1961 Conf.
958 1918 1046 1960 Bos
1067 1931 1110 1959 v.
1137 1915 1344 1971 ’Άγκυραα
1404 1913 1640 1958 Vriemoet.

125 1976 475 2031 miscell.philol.
498 1991 543 2032 p.
569 1977 635 2019 11.
666 1977 716 2019 F.
748 1977 825 2018 ST.
883 1975 1017 2018 Plene
1047 1974 1298 2016 Herodotus
1330 1972 1426 2014 viii.
1463 1971 1536 2015 94.
1576 1975 1640 2015 in.

64 2056 69 2063 ·
124 2032 180 2074 τοὶ
198 2034 301 2076 ἱστία
314 2035 542 2090 ἀειράμενον,
562 2034 740 2089 οἴχεσθαι
754 2037 957 2088 φεύγοντα.
987 2033 1192 2075 SCHAEF.

550 2110 576 2138 ἕ
608 2107 876 2157 ΙΣΤΟΡΙΑ,
906 2104 1220 2150 HISTORIA.

180 2166 234 2211 In
253 2169 554 2212 numeralibus
569 2181 658 2210 non
677 2167 822 2208 minus
842 2179 894 2208 ac
921 2167 1062 2216 βίβλος
1080 2164 1291 2206 omissum
1323 2175 1438 2218 saepe
1474 2162 1641 2206 videas.

123 2223 199 2271 Sic
227 2240 271 2268 v.
294 2241 333 2269 c.
364 2227 613 2281 Stephanus
652 2225 837 2279 Byzant.
864 2238 962 2267 voc.
1022 2221 1239 2276 Θέστωρος·
1275 2219 1515 2267 Θεόπομπος
1543 2223 1642 2260 εἰκο-

124 2288 202 2340 στῇ
218 2284 384 2341 δευτέρᾳ.
439 2284 626 2339 Supplet
643 2297 748 2325 vero
768 2295 863 2324 voc.
920 2280 1128 2323 Ἀσκάλων
1147 2282 1192 2321 et
1218 2276 1426 2330 Ἀσκανία,
1454 2278 1533 2320 ubi
1558 2276 1641 2319 Na-

125 2342 263 2384 κόλαος
280 2344 317 2384 ἐν
336 2343 507 2399 τετάρτῃ
522 2343 681 2399 ἱστορίᾳ.
712 2339 762 2383 F.
786 2341 863 2382 ST.

114 2422 117 2424 ’
675 2412 877 2461 ΙΣΧΑΣ,
906 2410 1102 2456 FIGUS..

181 2481 234 2525 In
250 2483 277 2527 ἦ
296 2484 442 2540 καρικῆ.
500 2483 684 2527 Lucian.
705 2481 799 2524 Vit.
819 2479 950 2522 Auct.
980 2479 1082 2521 381.
1142 2476 1336 2519 παλάθας
1349 2477 1425 2517 τῶν
1443 2477 1604 2530 καρικῶν
1622 2486 1635 2514 2

123 2540 362 2583 caricarum
376 2553 549 2584 massas.
581 2540 694 2596 [Imo
714 2540 834 2581 esti.
856 2552 902 2591 q.
932 2536 1126 2578 παλάθας
1152 2534 1344 2591 Καρικας,
1376 2536 1482 2574 noto
1513 2531 1639 2572 Grae-

121 2598 276 2640 cismo.
337 2598 428 2647 Sic,
457 2611 545 2652 quo
578 2601 721 2640 utitur
750 2595 805 2638 T.
837 2594 898 2638 Η.
933 2595 992 2636 ad
1023 2593 1207 2636 Lucian.
1242 2595 1274 2634 1.
1295 2606 1334 2633 c.
1355 2594 1390 2632 t.
1413 2591 1445 2631 i.
1466 2603 1512 2644 p.
1533 2587 1636 2630 559.

124 2654 363 2699 Athenaeus
381 2661 415 2698 t.
438 2658 498 2698 iv.
520 2670 567 2711 p.
587 2655 686 2697 358.
747 2657 798 2695 εἰς
817 2651 1004 2695 παλάθης
1021 2651 1210 2707 Συριακῆς
1230 2651 1364 2707 τρόπον
1380 2648 1638 2689 «πλάττοντες.

123 2711 289 2755 Eodem
308 2715 437 2755 modo
458 2714 652 2767 intellige
688 2711 942 2766 Alciphron.
975 2710 1044 2751 iii.
1066 2723 1138 2765 ep.
1170 2706 1242 2749 51.
1273 2704 1467 2748 παλάθας
1496 2706 1638 2752 ἐπιμα-

123 2770 265 2813 σᾶσὲιαι
285 2778 360 2814 τῶν
375 2771 584 2815 Ἀττικῶν.
615 2768 837 2823 Semnum]

637 2846 662 2872 ιε
694 2843 904 2892 merx,
926 2841 1136 2901 PLSCJS.

182 2911 315 2960 Haud
342 2914 475 2960 dubie
495 2913 716 2959 omittitur
732 2913 780 2956 in
802 2910 1066 2962 Βούνγλωσσος,
1096 2906 1246 2967 piscis,
1278 2907 1356 2965 qui
1386 2902 1544 2950 Latine
1571 2914 1638 2944 so-

1341 2987 1370 3015 K
