1838 3164
643 136 931 179 PRAEFATIO
958 134 1316 177 SCHWEBELII.
1689 151 1715 178 v

204 257 285 300 lib.
307 256 376 300 iii.
409 257 522 300 Prol.
556 258 762 301 ostendit.
822 257 958 302 Plura
986 257 1118 299 facile
1136 257 1337 313 exempla
1356 257 1423 300 vel
1443 270 1498 299 ex
1517 258 1615 312 ipso
1633 259 1714 300 hoc

202 317 318 358 libro
336 316 438 358 addi
457 320 648 371 possent,
677 317 763 359 nisi
784 316 919 358 allata
930 329 1030 357 -rem
1048 316 1158 357 satis
1177 315 1454 369 abundeque,
1473 319 1523 357 ut
1539 317 1712 370 opinor,

201 375 545 429 comprobarent.
606 373 746 416 Recte
768 374 884 416 adeo
914 375 971 415 cl.
991 372 1191 416 Johnson
1224 375 1269 415 in
1290 377 1384 415 not.
1418 373 1473 414 ad
1509 373 1710 428 Sophocl.

202 430 437 486 Ajacfven
458 430 670 474 41.·ad›v-.
682 428 818 474 Tfflm
849 432 917 474 ita
935 430 1274 486 (ἐυήρείῐὶμπὺ
1312 429 1430 473 ἕνεκα.
1461 428 1714 485 Proepositio

201 488 409 532 semermis
425 489 474 531 in
492 488 598 532 locis
624 488 758 537 deest,
784 502 862 531 nec
882 495 1023 531 tamen
1043 487 1216 545 pigebit
1234 487 1460 531 admonere
1477 501 1617 530 meum
1633 487 1715 529 lec-

205 553 361 589 torem:
382 545 536 603 pueris
553 546 666 589 enim
683 546 835 590 scribo.
893 545 1042 602 Quare
1062 560 1161 590 cum
1181 551 1350 588 certum
1369 546 1443 597 sit,
1472 547 1714 600 pleniorem

201 605 405 658 ellipseos
424 606 747 656 tractationem,
777 604 1057 659 pluriquue
1091 605 1388 659 exemplorum
1407 604 1713 655 accessionem,

202 661 455 704 Graecarum
475 663 724 705 litterarum
744 663 954 715 studiosis
974 664 1153 704 omnino
1181 663 1336 704 utilem
1356 676 1469 710 esse,
1499 666 1543 703 et
1562 662 1609 703 in
1628 663 1715 704 lec-

200 720 323 760 tione
354 715 550 777 vetei'igm
572 713 852 775 ,scqiptori'xnir
869 713 1169 772 afflantibus,
1191 717 1427 777 mult-isin
1460 719 1567 776 locis
1597 733 1714 762 com-

201 779 405 819 mentarii
438 780 577 820 vicem
609 782 816 833 praestare
849 792 1005 832 posse:
1039 779 1243 831 equidem
1280 778 1396 820 haud
1423 778 1715 820 dubitandum

201 835 312 876 mihi
332 836 595 887 existimavi,
615 849 643 877 a
662 837 770 878 viris
783 837 924 878 doctis
939 838 1033 889 Jam
1049 837 1186 878 allata
1205 838 1406 891 exempla
1422 837 1531 878 meis
1544 849 1717 889 quoque

198 892 581 935 observationibus
613 891 1006 948 qualibuscumque
1040 907 1215 946 augere,
1244 908 1382 948 eoque
1414 895 1618 937 studiosae
1645 896 1717 948 Ju-

203 951 397 992 ventutis
417 952 645 993 commoda
662 952 945 1006 amplificare.
1003 951 1221 993 Praeterea
1240 965 1341 994 vero
1362 953 1406 994 id
1422 952 1530 993 mihi
1550 953 1717 1006 negotii

202 1007 357 1050 datum
375 1010 645 1058 existimavi,
673 1014 725 1051 ut
749 1010 948 1064 pluribus
968 1010 1015 1051 in
1046 1010 1152 1052 locis
1182 1011 1356 1052 ratione
1382 1011 1585 1066 ellipseos
1619 1014 1719 1054 har-

203 1066 427 1114 moniam,-
443 1074 542 1120 quae
568 1069 684 1109 inter
714 1066 923 1111 Graecam·
941 1071 988 1109 et
1020 1066 1225 1113 Latinam
1241 1068 1445 1122 linguam
1468 1069 1718 1117 intercedit,

205 1123 342 1166 veniis
355 1137 417 1166 ex
436 1125 721 1178 scriptoribus
739 1123 910 1167 Latinis
931 1126 1431 1179 exemplis'ostenderem
1452 1131 1588 1181 atque
1605 1139 1721 1171 com-

205 1181 469 1234 pmbarem:
498 1195 597 1235 quae
616 1195 749 1234 quam
769 1183 1013 1224 necessaria
1031 1184 1099 1227 sit
1131 1183 1189 1228 ad
1217 1183 1605 1238 solidam-quoque
1634 1182 1719 1226 La-

204 1238 311 1287 tinae
329 1238 494 1291 linguae
513 1240 812 1291 cognitionem
830 1239 1136 1289 obtinendam,
1152 1254 1336 1289 omnes,
1364 1242 1443 1296 qui
1475 1242 1595 1285 ultra
1626 1243 1721 1283 vul·

201 1306 290 1348 &ss
306 1296 509 1350 sapiunt,
534 1299 711 1338 norunt.
742 1306 745 1308 ·
769 1295 879 1343 Quae
895 1309 996 1338 cum
1017 1298 1082 1338 ita
1107 1297 1215 1346 sint,
1232 1299 1527 1344 >vehementer
1545 1301 1721 1341 laetatus

201 1364 319 1404 sum,
340 1365 448 1398 cum
467 1353 535 1394 vir
553 1353 840 1408 amplissimae
866 1354 1126 1410 eruditionis
1146 1355 1275 1410 laude
1292 1357 1569 1410 conspicuus,
1599 1355 1722 1398 Elias

203 1407 466 1467 PalairetuS,
494 1409 661 1453 ,Ioanni
682 1409 910 1464 Bangorae,
940 1409 1197 1454 Reverendo
1227 1411 1574 1456 Londinensium
1593 1412 1722 1469 Epis-

201 1480 331 1522 βοροὶ
358 1481 388 1510 a
407 1468 543 1513 sacris
564 1472 611 1510 et
638 1469 693 1510 in'
715 1470 841 1520 regia
869 1469 973 1514 aula
1006 1469 1214 1518 vicarius,
1244 1471 1371 1520 mihi,
1402 1472 1447 1513 id
1473 1472 1592 1526 quod
1621 1473 1721 1526 qui·

200 1525 455 1569 demetiam
474 1529 607 1568 antea
624 1539 679 1569 ex
697 1527 977 1582 praefatione,
1005 1527 1128 1581 operi
1150 1527 1289 1582 ipsius
1308 1529 1363 1571 de
1382 1527 1538 1584 Ellipsi
1552 1528 1722 1575 ,Latina

202 1585 449 1637 praemissa,
471 1585 671 1637 cognovi,
706 1597 787 1639 per
814 1585 986 1626 litteras
1006 1597 1181 1638 quoque
1214 1586 1494 1640 significavit,
1525 1600 1574 1628 se
1595 1589 1721 1635 item,

198 1641 294 1693 jam
305 1643 485 1694 -aliquot
515 1642 677 1684 abhinc
696 1643 842 1690 annis,
871 1643 1070 1684 animum
1084 1643 1145 1684 ad
1159 1656 1328 1690 novam
1346 1645 1571 1686 utilissimi
1593 1645 1721 1699 hujus

202 1698 621 1752 libelli-editionem
649 1700 853 1754 plurimis
883 1695 1266 1743 observationibus
1294 1706 1340 1744 et
1369 1703 1514 1744 titulis
1548 1707 1722 1745 auctam

201 1756 444 1810 adpulisse‚
473 1758 760 1811 lubenterque
780 1771 863 1800 sua
882 1771 1054 1800 mecum
1083 1761 1525 1808 communicaturum,
1544 1762 1595 1802 'si
1614 1774 1723 1815 prae-

178 1815 319 1858 ssenti
336 1829 342 1843 ·-
355 1815 539 1856 editioni
574 1816 767 1873 inserere
794 1816 977 1857 vellem:
1005 1829 1209 1870 proquo
1239 1817 1405 1870 insigni
1429 1818 1719 1860 humanitatis

203 1875 340 1924 atque
359 1872 676 1915 benevolentiae
693 1874 897 1927 exemplo
918 1886 989 1915 me
1013 1873 1099 1927 ipsi
1130 1873 1307 1927 publice
1339 1875 1598 1917 obstrictum
1620 1888 1719 1930 pro-

202 1929 362 1979 fiteor„
401 1928 682 1983 Quamquam
714 1943 819 1971 vero
852 1930 933 1978 hac
960 1931 1277 1973 humanissime
1305 1933 1418 1974 mihi
1451 1935 1572 1975 sacta
1590 1935 1720 1987 copia

203 1990 339 2039 atque
358 1986 576 2029 facilitate
594 2001 650 2028 ex
668 1992 770 2029 voto
790 1988 879 2028 frui
898 1988 1015 2029 haud
1034 1988 1187 2036 licuit;
1216 1994 1450 2045 propterea
1469 1992 1601 2044 quod,
1618 2004 1718 2033 cum

205 2043 348 2096 ipsius
369 2043 528 2086 litterae
556 2045 613 2085 ad
632 2057 701 2086 me
721 2046 1038 2099 perferrentur,
1066 2059 1257 2100 praesens
1275 2048 1412 2090 editio
1430 2061 1459 2089 a
1477 2049 1719 2103 typothetis

136 2111 140 2117 ‘
199 2100 296 2152 Jam
315 2101 372 2142 ad
391 2101 519 2142 finem
540 2115 651 2155 pene
671 2106 768 2143 erat
786 2103 1021 2156 perducta:
1054 2104 1172 2146 nullo
1201 2109 1350 2146 tamen
1383 2106 1513 2148 modo
1532 2107 1622 2147 fieri
1642 2119 1718 2160 pa-

203 2157 308 2210 tiani,
336 2161 388 2200 ut
408 2158 450 2200 id
472 2159 678 2201 studiosae
707 2161 954 2213 juventutis
980 2161 1221 2203 commodis
1250 2163 1399 2204 fraudi
1433 2177 1529 2206 esse
1562 2166 1716 2218 possit.

203 2210 325 2261 Quin,
353 2216 517 2270 potius,
547 2220 599 2257 ut
624 2217 721 2259 istae
751 2217 995 2260 doctissimi
1031 2219 1116 2261 viri
1145 2221 1434 2268 accessiones,
1463 2222 1716 2276 adpendicis

187 2272 314 2322 Jlooo,
343 2273 488 2327 primo
518 2287 691 2328 quoque
721 2279 919 2330 tempore
937 2276 983 2316 in
1002 2277 1144 2326 lucem
1175 2278 1399 2331 publicam
1416 2279 1715 2334 proferantur,

199 2342 329 2382 omne
349 2331 542 2372 studium
561 2345 802 2387 curamque
817 2333 1051 2376 adhibebo.
1107 2333 1281 2377 Interea
1306 2337 1427 2379 hisce
1443 2338 1609 2387 fruere,
1641 2337 1715 2378 be·

199 2388 354 2432 nevole
373 2386 544 2441 Lector,
573 2394 620 2432 et
637 2391 749 2432 vale.
766 2414 770 2417 ·

258 2443 433 2491 Dabam
450 2446 768 2502 Norimbergae,
798 2447 942 2491 Nonis
960 2448 1143 2492 Januar.
1163 2449 1220 2492 A.
1249 2449 1372 2501 1763,
