<?xml version="1.0" encoding="UTF-8"?>
<!DOCTYPE html PUBLIC "-//W3C//DTD XHTML 1.0 Transitional//EN"
    "http://www.w3.org/TR/xhtml1/DTD/xhtml1-transitional.dtd">
<html xmlns="http://www.w3.org/1999/xhtml" xml:lang="en" lang="en">
 <head>
  <title>
</title>
<meta http-equiv="Content-Type" content="text/html;charset=utf-8" />
  <meta name='ocr-system' content='tesseract 3.04.00' />
  <meta name='ocr-capabilities' content='ocr_page ocr_carea ocr_par ocr_line ocrx_word'/>
</head>
<body>
  <div class='ocr_page' id='page_1' title='image "./ellipsesgraecaec00bosluoft_0760.png"; bbox 0 0 1838 3164; ppageno 0'>
   <div class='ocr_carea' id='block_1_1' title="bbox 233 169 1375 243">
    <p class='ocr_par' dir='ltr' id='par_1_1' title="bbox 233 169 1375 243">
     <span class='ocr_line' id='line_1_1' title="bbox 233 169 1375 243; baseline -0.003 -29"><span class='ocrx_word' id='word_1_1' title='bbox 233 171 313 214; x_wconf 80' lang='lat'><strong>154</strong></span> <span class='ocrx_word' id='word_1_2' title='bbox 596 177 670 216; x_wconf 90' lang='lat' dir='ltr'><strong>DE</strong></span> <span class='ocrx_word' id='word_1_3' title='bbox 701 172 908 215; x_wconf 82' lang='lat' dir='ltr'>ELLIPSI</span> <span class='ocrx_word' id='word_1_4' title='bbox 936 173 1008 243; x_wconf 65' lang='grc' dir='ltr'><strong>ΕΤ</strong></span> <span class='ocrx_word' id='word_1_5' title='bbox 1034 169 1375 213; x_wconf 84' lang='lat' dir='ltr'><strong>PLEONASMO</strong></span> 
     </span>
    </p>
   </div>
   <div class='ocr_carea' id='block_1_2' title="bbox 129 285 1740 2994">
    <p class='ocr_par' dir='ltr' id='par_1_2' title="bbox 129 285 1740 1896">
     <span class='ocr_line' id='line_1_2' title="bbox 222 285 1737 345; baseline 0.001 -17"><span class='ocrx_word' id='word_1_6' title='bbox 222 287 327 329; x_wconf 83' lang='lat' dir='ltr'><strong>dum</strong></span> <span class='ocrx_word' id='word_1_7' title='bbox 359 291 476 331; x_wconf 83' lang='lat' dir='ltr'><strong>esset</strong></span> <span class='ocrx_word' id='word_1_8' title='bbox 509 286 556 330; x_wconf 70' lang='lat' dir='ltr'><strong>{vl</strong></span> <span class='ocrx_word' id='word_1_9' title='bbox 588 290 695 345; x_wconf 63' lang='grc' dir='ltr'><strong>λόγῳ</strong></span> <span class='ocrx_word' id='word_1_10' title='bbox 726 290 852 330; x_wconf 56' lang='grc' dir='ltr'><strong>εἰπεῖν.</strong></span> <span class='ocrx_word' id='word_1_11' title='bbox 914 286 963 328; x_wconf 90' lang='lat' dir='ltr'><strong>In</strong></span> <span class='ocrx_word' id='word_1_12' title='bbox 995 298 1081 338; x_wconf 84' lang='lat' dir='ltr'><strong>qua</strong></span> <span class='ocrx_word' id='word_1_13' title='bbox 1114 285 1368 338; x_wconf 84' lang='lat' dir='ltr'>loquutione</span> <span class='ocrx_word' id='word_1_14' title='bbox 1398 298 1453 327; x_wconf 87' lang='lat' dir='ltr'><strong>ne</strong></span> <span class='ocrx_word' id='word_1_15' title='bbox 1483 285 1583 339; x_wconf 78' lang='lat' dir='ltr'><strong>quis</strong></span> <span class='ocrx_word' id='word_1_16' title='bbox 1610 289 1737 340; x_wconf 83' lang='lat' dir='ltr'><strong>putet</strong></span> 
     </span>
     <span class='ocr_line' id='line_1_3' title="bbox 222 343 1736 401; baseline -0.001 -14"><span class='ocrx_word' id='word_1_17' title='bbox 222 347 358 387; x_wconf 82' lang='lat' dir='ltr'><strong>etiam</strong></span> <span class='ocrx_word' id='word_1_18' title='bbox 377 348 625 400; x_wconf 88' lang='lat' dir='ltr'><strong>subjectum</strong></span> <span class='ocrx_word' id='word_1_19' title='bbox 655 356 735 401; x_wconf 80' lang='lat' dir='ltr'><strong>per</strong></span> <span class='ocrx_word' id='word_1_20' title='bbox 754 347 826 387; x_wconf 91' lang='lat' dir='ltr'><strong>elli</strong></span> <span class='ocrx_word' id='word_1_21' title='bbox 863 347 930 387; x_wconf 90' lang='lat' dir='ltr'><strong>sin</strong></span> <span class='ocrx_word' id='word_1_22' title='bbox 950 343 1114 392; x_wconf 85' lang='lat' dir='ltr'><strong>omitti,</strong></span> <span class='ocrx_word' id='word_1_23' title='bbox 1146 343 1258 385; x_wconf 83' lang='lat' dir='ltr'><strong>hanc</strong></span> <span class='ocrx_word' id='word_1_24' title='bbox 1278 343 1559 384; x_wconf 80' lang='lat' dir='ltr'><strong>omissionem</strong></span> <span class='ocrx_word' id='word_1_25' title='bbox 1580 354 1736 386; x_wconf 84' lang='lat' dir='ltr'><strong>moneo</strong></span> 
     </span>
     <span class='ocr_line' id='line_1_4' title="bbox 223 360 1737 457; baseline 0 -13"><span class='ocrx_word' id='word_1_26' title='bbox 223 411 278 444; x_wconf 71' lang='lat' dir='ltr'><strong>ex</strong></span> <span class='ocrx_word' id='word_1_27' title='bbox 306 405 384 445; x_wconf 81' lang='lat' dir='ltr'><strong>illo</strong></span> <span class='ocrx_word' id='word_1_28' title='bbox 416 413 574 457; x_wconf 79' lang='lat' dir='ltr'>genere</span> <span class='ocrx_word' id='word_1_29' title='bbox 593 412 703 453; x_wconf 84' lang='lat' dir='ltr'><strong>esse,</strong></span> <span class='ocrx_word' id='word_1_30' title='bbox 733 360 859 457; x_wconf 49' lang='lat' dir='ltr'><strong>quoti)</strong></span> <span class='ocrx_word' id='word_1_31' title='bbox 875 413 1009 457; x_wconf 83' lang='lat' dir='ltr'><strong>supra</strong></span> <span class='ocrx_word' id='word_1_32' title='bbox 1034 402 1091 443; x_wconf 84' lang='lat' dir='ltr'><strong>ab</strong></span> <span class='ocrx_word' id='word_1_33' title='bbox 1112 402 1257 455; x_wconf 82' lang='lat' dir='ltr'><strong>ellipsi</strong></span> <span class='ocrx_word' id='word_1_34' title='bbox 1286 401 1556 448; x_wconf 78' lang='lat' dir='ltr'><strong>seclusimus,</strong></span> <span class='ocrx_word' id='word_1_35' title='bbox 1586 402 1695 454; x_wconf 69' lang='lat' dir='ltr'><strong>quia</strong></span> <span class='ocrx_word' id='word_1_36' title='bbox 1712 415 1737 444; x_wconf 88' lang='lat' dir='ltr'><strong>e</strong></span> 
     </span>
     <span class='ocr_line' id='line_1_5' title="bbox 134 458 1736 515; baseline -0.001 -13"><span class='ocrx_word' id='word_1_37' title='bbox 134 465 214 513; x_wconf 77' lang='lat'><strong>112</strong></span> <span class='ocrx_word' id='word_1_38' title='bbox 224 463 473 515; x_wconf 73' lang='lat' dir='ltr'><strong>praegressis</strong></span> <span class='ocrx_word' id='word_1_39' title='bbox 502 462 569 503; x_wconf 87' lang='lat' dir='ltr'><strong>vel</strong></span> <span class='ocrx_word' id='word_1_40' title='bbox 603 462 885 515; x_wconf 84' lang='lat' dir='ltr'><strong>sequentibus</strong></span> <span class='ocrx_word' id='word_1_41' title='bbox 906 461 1050 501; x_wconf 86' lang='lat' dir='ltr'><strong>verbis</strong></span> <span class='ocrx_word' id='word_1_42' title='bbox 1073 462 1186 500; x_wconf 74' lang='grc' dir='ltr'>τοῦτο</span> <span class='ocrx_word' id='word_1_43' title='bbox 1206 459 1483 512; x_wconf 75' lang='lat' dir='ltr'><strong>intelligitur,</strong></span> <span class='ocrx_word' id='word_1_44' title='bbox 1530 458 1617 500; x_wconf 82' lang='lat' dir='ltr'><strong>Sed</strong></span> <span class='ocrx_word' id='word_1_45' title='bbox 1635 470 1736 501; x_wconf 83' lang='lat' dir='ltr'><strong>con-</strong></span> 
     </span>
     <span class='ocr_line' id='line_1_6' title="bbox 221 515 1735 570; baseline -0.001 -10"><span class='ocrx_word' id='word_1_46' title='bbox 221 519 402 561; x_wconf 82' lang='lat' dir='ltr'><strong>tradicit</strong></span> <span class='ocrx_word' id='word_1_47' title='bbox 423 520 469 560; x_wconf 90' lang='lat' dir='ltr'><strong>in</strong></span> <span class='ocrx_word' id='word_1_48' title='bbox 491 520 572 561; x_wconf 80' lang='lat' dir='ltr'><strong>hae</strong></span> <span class='ocrx_word' id='word_1_49' title='bbox 590 519 781 561; x_wconf 85' lang='lat' dir='ltr'><strong>formula</strong></span> <span class='ocrx_word' id='word_1_50' title='bbox 814 518 941 559; x_wconf 88' lang='lat' dir='ltr'><strong>nobis</strong></span> <span class='ocrx_word' id='word_1_51' title='bbox 968 515 1247 564; x_wconf 82' lang='lat' dir='ltr'><strong>Schaeferus‚</strong></span> <span class='ocrx_word' id='word_1_52' title='bbox 1277 529 1363 558; x_wconf 88' lang='lat' dir='ltr'><strong>non</strong></span> <span class='ocrx_word' id='word_1_53' title='bbox 1387 517 1530 570; x_wconf 84' lang='lat' dir='ltr'><strong>magis</strong></span> <span class='ocrx_word' id='word_1_54' title='bbox 1550 517 1597 558; x_wconf 89' lang='lat' dir='ltr'><strong>in</strong></span> <span class='ocrx_word' id='word_1_55' title='bbox 1617 515 1735 559; x_wconf 69' lang='lat' dir='ltr'><strong>Grae—</strong></span> 
     </span>
     <span class='ocr_line' id='line_1_7' title="bbox 220 571 1735 635; baseline -0.001 -19"><span class='ocrx_word' id='word_1_56' title='bbox 220 576 283 617; x_wconf 88' lang='lat' dir='ltr'><strong>cis</strong></span> <span class='ocrx_word' id='word_1_57' title='bbox 304 578 450 618; x_wconf 88' lang='lat' dir='ltr'><strong>verbis</strong></span> <span class='ocrx_word' id='word_1_58' title='bbox 472 576 520 618; x_wconf 79' lang='grc' dir='ltr'><strong>ἑνὶ</strong></span> <span class='ocrx_word' id='word_1_59' title='bbox 539 578 659 635; x_wconf 71' lang='grc' dir='ltr'>λόγῳ,</span> <span class='ocrx_word' id='word_1_60' title='bbox 691 590 821 632; x_wconf 86' lang='lat' dir='ltr'><strong>quam</strong></span> <span class='ocrx_word' id='word_1_61' title='bbox 841 577 889 616; x_wconf 92' lang='lat' dir='ltr'><strong>in</strong></span> <span class='ocrx_word' id='word_1_62' title='bbox 912 573 1188 616; x_wconf 84' lang='lat' dir='ltr'><strong>Germanicis</strong></span> <span class='ocrx_word' id='word_1_63' title='bbox 1218 572 1298 616; x_wconf 77' lang='lat' dir='ltr'><strong>mit</strong></span> <span class='ocrx_word' id='word_1_64' title='bbox 1327 573 1465 616; x_wconf 79' lang='lat' dir='ltr'><strong>einem</strong></span> <span class='ocrx_word' id='word_1_65' title='bbox 1491 571 1646 623; x_wconf 78' lang='lat' dir='ltr'><strong>Worte‚</strong></span> <span class='ocrx_word' id='word_1_66' title='bbox 1676 575 1735 615; x_wconf 68' lang='lat' dir='ltr'><strong>el-</strong></span> 
     </span>
     <span class='ocr_line' id='line_1_8' title="bbox 219 630 1736 689; baseline 0 -15"><span class='ocrx_word' id='word_1_67' title='bbox 219 634 353 689; x_wconf 85' lang='lat' dir='ltr'><strong>lipsin</strong></span> <span class='ocrx_word' id='word_1_68' title='bbox 391 648 485 676; x_wconf 87' lang='lat' dir='ltr'><strong>esse</strong></span> <span class='ocrx_word' id='word_1_69' title='bbox 518 636 794 676; x_wconf 83' lang='lat' dir='ltr'><strong>contendens.</strong></span> <span class='ocrx_word' id='word_1_70' title='bbox 877 631 1004 680; x_wconf 85' lang='lat' dir='ltr'><strong>Quod</strong></span> <span class='ocrx_word' id='word_1_71' title='bbox 1049 643 1138 685; x_wconf 89' lang='lat' dir='ltr'><strong>quo</strong></span> <span class='ocrx_word' id='word_1_72' title='bbox 1171 635 1428 686; x_wconf 80' lang='lat' dir='ltr'><strong>argumento</strong></span> <span class='ocrx_word' id='word_1_73' title='bbox 1466 630 1630 674; x_wconf 75' lang='lat' dir='ltr'><strong>dixerit</strong></span> <span class='ocrx_word' id='word_1_74' title='bbox 1669 633 1736 675; x_wconf 89' lang='lat' dir='ltr'><strong>vir</strong></span> 
     </span>
     <span class='ocr_line' id='line_1_9' title="bbox 220 689 1740 745; baseline 0 -14"><span class='ocrx_word' id='word_1_75' title='bbox 220 691 516 740; x_wconf 85' lang='lat' dir='ltr'><strong>doctissimus,</strong></span> <span class='ocrx_word' id='word_1_76' title='bbox 548 693 748 745; x_wconf 79' lang='lat' dir='ltr'><strong>equidem</strong></span> <span class='ocrx_word' id='word_1_77' title='bbox 784 703 868 733; x_wconf 90' lang='lat' dir='ltr'><strong>non</strong></span> <span class='ocrx_word' id='word_1_78' title='bbox 887 701 1105 742; x_wconf 74' lang='lat' dir='ltr'><strong>assequor.</strong></span> <span class='ocrx_word' id='word_1_79' title='bbox 1167 689 1392 731; x_wconf 81' lang='lat' dir='ltr'><strong>Nimirum</strong></span> <span class='ocrx_word' id='word_1_80' title='bbox 1427 689 1550 732; x_wconf 79' lang='lat' dir='ltr'><strong>nulla</strong></span> <span class='ocrx_word' id='word_1_81' title='bbox 1580 692 1648 731; x_wconf 82' lang='lat' dir='ltr'><strong>est</strong></span> <span class='ocrx_word' id='word_1_82' title='bbox 1670 690 1740 731; x_wconf 80' lang='lat' dir='ltr'><strong>el·-</strong></span> 
     </span>
     <span class='ocr_line' id='line_1_10' title="bbox 185 746 1736 804; baseline -0.001 -14"><span class='ocrx_word' id='word_1_83' title='bbox 185 749 364 804; x_wconf 49' lang='grc' dir='ltr'><strong>κδΙίριείε,</strong></span> <span class='ocrx_word' id='word_1_84' title='bbox 394 762 531 804; x_wconf 89' lang='lat' dir='ltr'><strong>quum</strong></span> <span class='ocrx_word' id='word_1_85' title='bbox 569 749 720 792; x_wconf 84' lang='lat' dir='ltr'><strong>Graece</strong></span> <span class='ocrx_word' id='word_1_86' title='bbox 748 749 951 796; x_wconf 80' lang='lat' dir='ltr'><strong>dicimus,</strong></span> <span class='ocrx_word' id='word_1_87' title='bbox 997 748 1102 789; x_wconf 70' lang='grc' dir='ltr'><strong>τοῦτ’</strong></span> <span class='ocrx_word' id='word_1_88' title='bbox 1139 746 1238 789; x_wconf 75' lang='grc' dir='ltr'><strong><em>ἐστὶν</em></strong></span> <span class='ocrx_word' id='word_1_89' title='bbox 1272 747 1322 788; x_wconf 72' lang='grc' dir='ltr'><strong>ἑνὶ</strong></span> <span class='ocrx_word' id='word_1_90' title='bbox 1357 749 1460 803; x_wconf 72' lang='grc' dir='ltr'><strong>λόγῳ</strong></span> <span class='ocrx_word' id='word_1_91' title='bbox 1491 747 1736 803; x_wconf 68' lang='grc' dir='ltr'><strong>ἁμαρτάνειν,</strong></span> 
     </span>
     <span class='ocr_line' id='line_1_11' title="bbox 219 805 1738 860; baseline -0.001 -11.042"><span class='ocrx_word' id='word_1_92' title='bbox 219 808 339 860; x_wconf 88' lang='lat' dir='ltr'><strong>quod</strong></span> <span class='ocrx_word' id='word_1_93' title='bbox 371 808 527 849; x_wconf 86' lang='lat' dir='ltr'><strong>iisdem</strong></span> <span class='ocrx_word' id='word_1_94' title='bbox 574 809 718 849; x_wconf 85' lang='lat' dir='ltr'><strong>verbis</strong></span> <span class='ocrx_word' id='word_1_95' title='bbox 768 806 980 848; x_wconf 82' lang='lat' dir='ltr'><strong>Germani</strong></span> <span class='ocrx_word' id='word_1_96' title='bbox 1026 805 1195 852; x_wconf 79' lang='lat' dir='ltr'><strong>dicunt,</strong></span> <span class='ocrx_word' id='word_1_97' title='bbox 1240 805 1317 846; x_wconf 82' lang='lat' dir='ltr'><strong>sed</strong></span> <span class='ocrx_word' id='word_1_98' title='bbox 1358 805 1435 858; x_wconf 89' lang='lat' dir='ltr'><strong>qui</strong></span> <span class='ocrx_word' id='word_1_99' title='bbox 1481 805 1608 854; x_wconf 79' lang='lat' dir='ltr'><strong>dicit,</strong></span> <span class='ocrx_word' id='word_1_100' title='bbox 1645 805 1738 848; x_wconf 83' lang='lat' dir='ltr'><strong>sive</strong></span> 
     </span>
     <span class='ocr_line' id='line_1_12' title="bbox 221 860 1735 919; baseline -0.001 -15"><span class='ocrx_word' id='word_1_101' title='bbox 221 863 378 907; x_wconf 85' lang='lat' dir='ltr'><strong>Graeco</strong></span> <span class='ocrx_word' id='word_1_102' title='bbox 396 869 563 913; x_wconf 86' lang='lat' dir='ltr'><strong>utatur,</strong></span> <span class='ocrx_word' id='word_1_103' title='bbox 599 863 691 908; x_wconf 87' lang='lat' dir='ltr'><strong>sive</strong></span> <span class='ocrx_word' id='word_1_104' title='bbox 715 863 981 906; x_wconf 86' lang='lat' dir='ltr'><strong>Germanico</strong></span> <span class='ocrx_word' id='word_1_105' title='bbox 1003 874 1219 910; x_wconf 84' lang='lat' dir='ltr'><strong>sermone,</strong></span> <span class='ocrx_word' id='word_1_106' title='bbox 1250 863 1357 904; x_wconf 74' lang='grc' dir='ltr'><strong><em>οὗτος</em></strong></span> <span class='ocrx_word' id='word_1_107' title='bbox 1391 860 1576 919; x_wconf 56' lang='grc' dir='ltr'><strong>ὅνὶλόογῳ</strong></span> <span class='ocrx_word' id='word_1_108' title='bbox 1609 864 1735 919; x_wconf 62' lang='grc' dir='ltr'>ἁμαρ-</span> 
     </span>
     <span class='ocr_line' id='line_1_13' title="bbox 220 920 1736 976; baseline 0 -14"><span class='ocrx_word' id='word_1_109' title='bbox 220 923 335 975; x_wconf 65' lang='grc' dir='ltr'><strong><em>τάνει,</em></strong></span> <span class='ocrx_word' id='word_1_110' title='bbox 363 924 400 964; x_wconf 86' lang='lat' dir='ltr'><strong>is</strong></span> <span class='ocrx_word' id='word_1_111' title='bbox 421 923 457 963; x_wconf 86' lang='lat' dir='ltr'><strong>si</strong></span> <span class='ocrx_word' id='word_1_112' title='bbox 478 925 605 976; x_wconf 86' lang='lat' dir='ltr'><strong>plene</strong></span> <span class='ocrx_word' id='word_1_113' title='bbox 626 924 744 976; x_wconf 91' lang='lat' dir='ltr'><strong>loqui</strong></span> <span class='ocrx_word' id='word_1_114' title='bbox 767 921 1087 964; x_wconf 83' lang='lat' dir='ltr'><strong>existimandus</strong></span> <span class='ocrx_word' id='word_1_115' title='bbox 1116 924 1246 972; x_wconf 85' lang='lat' dir='ltr'><strong>esset,</strong></span> <span class='ocrx_word' id='word_1_116' title='bbox 1277 920 1476 975; x_wconf 81' lang='lat' dir='ltr'><strong>profecto</strong></span> <span class='ocrx_word' id='word_1_117' title='bbox 1502 932 1590 962; x_wconf 83' lang='lat' dir='ltr'><strong>non</strong></span> <span class='ocrx_word' id='word_1_118' title='bbox 1621 920 1736 962; x_wconf 72' lang='lat' dir='ltr'><strong>diee-</strong></span> 
     </span>
     <span class='ocr_line' id='line_1_14' title="bbox 219 976 1734 1036; baseline 0 -16"><span class='ocrx_word' id='word_1_119' title='bbox 219 984 301 1027; x_wconf 75' lang='lat' dir='ltr'><strong>ret,</strong></span> <span class='ocrx_word' id='word_1_120' title='bbox 333 978 403 1022; x_wconf 75' lang='lat' dir='ltr'><strong>lzz&#39;c</strong></span> <span class='ocrx_word' id='word_1_121' title='bbox 422 979 536 1022; x_wconf 65' lang='lat' dir='ltr'><strong>nihil</strong></span> <span class='ocrx_word' id='word_1_122' title='bbox 554 978 678 1022; x_wconf 77' lang='lat' dir='ltr'><strong>aliud</strong></span> <span class='ocrx_word' id='word_1_123' title='bbox 699 992 828 1036; x_wconf 81' lang='lat' dir='ltr'><strong>quam</strong></span> <span class='ocrx_word' id='word_1_124' title='bbox 847 986 974 1028; x_wconf 80' lang='lat' dir='ltr'><strong>errat,</strong></span> <span class='ocrx_word' id='word_1_125' title='bbox 1010 978 1104 1026; x_wconf 86' lang='lat' dir='ltr'><strong>sed,</strong></span> <span class='ocrx_word' id='word_1_126' title='bbox 1135 977 1204 1019; x_wconf 76' lang='lat' dir='ltr'><strong>hio</strong></span> <span class='ocrx_word' id='word_1_127' title='bbox 1221 982 1307 1019; x_wconf 80' lang='lat' dir='ltr'><strong>uno</strong></span> <span class='ocrx_word' id='word_1_128' title='bbox 1326 977 1375 1019; x_wconf 79' lang='lat' dir='ltr'><strong>in</strong></span> <span class='ocrx_word' id='word_1_129' title='bbox 1394 976 1510 1020; x_wconf 77' lang='lat' dir='ltr'><strong>dioto</strong></span> <span class='ocrx_word' id='word_1_130' title='bbox 1529 976 1595 1019; x_wconf 75' lang='lat' dir='ltr'><strong>vel</strong></span> <span class='ocrx_word' id='word_1_131' title='bbox 1611 977 1734 1020; x_wconf 74' lang='lat' dir='ltr'><strong>verbo</strong></span> 
     </span>
     <span class='ocr_line' id='line_1_15' title="bbox 218 1035 1738 1092; baseline 0.001 -15"><span class='ocrx_word' id='word_1_132' title='bbox 218 1043 344 1079; x_wconf 73' lang='lat' dir='ltr'><strong>errat.</strong></span> <span class='ocrx_word' id='word_1_133' title='bbox 404 1036 551 1092; x_wconf 68' lang='lat' dir='ltr'><strong>Hujiis·</strong></span> <span class='ocrx_word' id='word_1_134' title='bbox 572 1039 746 1091; x_wconf 85' lang='lat' dir='ltr'><strong>generis</strong></span> <span class='ocrx_word' id='word_1_135' title='bbox 777 1035 876 1079; x_wconf 81' lang='lat' dir='ltr'><strong>aliae</strong></span> <span class='ocrx_word' id='word_1_136' title='bbox 911 1037 1059 1078; x_wconf 83' lang='lat' dir='ltr'><strong>multae</strong></span> <span class='ocrx_word' id='word_1_137' title='bbox 1092 1039 1197 1077; x_wconf 87' lang='lat' dir='ltr'><strong>sunt</strong></span> <span class='ocrx_word' id='word_1_138' title='bbox 1223 1036 1414 1089; x_wconf 85' lang='lat' dir='ltr'><strong>ellipses,</strong></span> <span class='ocrx_word' id='word_1_139' title='bbox 1444 1039 1498 1077; x_wconf 82' lang='lat' dir='ltr'><strong>ut</strong></span> <span class='ocrx_word' id='word_1_140' title='bbox 1516 1046 1615 1088; x_wconf 81' lang='lat' dir='ltr'><strong>quae</strong></span> <span class='ocrx_word' id='word_1_141' title='bbox 1636 1040 1738 1078; x_wconf 90' lang='lat' dir='ltr'><strong>sun-t</strong></span> 
     </span>
     <span class='ocr_line' id='line_1_16' title="bbox 219 1090 1737 1152; baseline 0.001 -17"><span class='ocrx_word' id='word_1_142' title='bbox 219 1095 265 1135; x_wconf 82' lang='lat' dir='ltr'><strong>in</strong></span> <span class='ocrx_word' id='word_1_143' title='bbox 303 1097 699 1145; x_wconf 69' lang='lat' dir='ltr'><strong>exsecrationibus,</strong></span> <span class='ocrx_word' id='word_1_144' title='bbox 743 1097 780 1137; x_wconf 81' lang='grc' dir='ltr'><strong>ἐς</strong></span> <span class='ocrx_word' id='word_1_145' title='bbox 815 1098 995 1152; x_wconf 65' lang='grc' dir='ltr'><strong>κόρακας,</strong></span> <span class='ocrx_word' id='word_1_146' title='bbox 1038 1095 1075 1134; x_wconf 68' lang='grc' dir='ltr'><strong>ἐς</strong></span> <span class='ocrx_word' id='word_1_147' title='bbox 1112 1092 1266 1149; x_wconf 64' lang='grc' dir='ltr'><strong>φθόρον,</strong></span> <span class='ocrx_word' id='word_1_148' title='bbox 1308 1096 1358 1134; x_wconf 78' lang='grc' dir='ltr'><strong>εἰς</strong></span> <span class='ocrx_word' id='word_1_149' title='bbox 1393 1090 1565 1148; x_wconf 60' lang='grc' dir='ltr'><strong>Ἇλεθρω,</strong></span> <span class='ocrx_word' id='word_1_150' title='bbox 1603 1094 1737 1136; x_wconf 73' lang='lat' dir='ltr'><strong>verbo</strong></span> 
     </span>
     <span class='ocr_line' id='line_1_17' title="bbox 218 1151 1736 1208; baseline 0.001 -16"><span class='ocrx_word' id='word_1_151' title='bbox 218 1153 411 1201; x_wconf 62' lang='lat' dir='ltr'><strong>omissm</strong></span> <span class='ocrx_word' id='word_1_152' title='bbox 445 1152 522 1195; x_wconf 83' lang='lat' dir='ltr'><strong>aut</strong></span> <span class='ocrx_word' id='word_1_153' title='bbox 548 1155 594 1195; x_wconf 90' lang='lat' dir='ltr'><strong>in</strong></span> <span class='ocrx_word' id='word_1_154' title='bbox 616 1155 837 1208; x_wconf 84' lang='lat' dir='ltr'><strong>precibus,</strong></span> <span class='ocrx_word' id='word_1_155' title='bbox 869 1151 930 1202; x_wconf 76' lang='grc' dir='ltr'><strong>μὴ</strong></span> <span class='ocrx_word' id='word_1_156' title='bbox 960 1152 1057 1208; x_wconf 68' lang='grc' dir='ltr'><strong>πρός</strong></span> <span class='ocrx_word' id='word_1_157' title='bbox 1086 1164 1125 1192; x_wconf 77' lang='grc' dir='ltr'><strong>σε</strong></span> <span class='ocrx_word' id='word_1_158' title='bbox 1159 1153 1343 1200; x_wconf 72' lang='grc' dir='ltr'><strong><em>γονάτων,</em></strong></span> <span class='ocrx_word' id='word_1_159' title='bbox 1375 1152 1493 1205; x_wconf 90' lang='lat' dir='ltr'><strong>quod</strong></span> <span class='ocrx_word' id='word_1_160' title='bbox 1514 1152 1559 1192; x_wconf 90' lang='lat' dir='ltr'><strong>in</strong></span> <span class='ocrx_word' id='word_1_161' title='bbox 1579 1152 1736 1206; x_wconf 80' lang='lat' dir='ltr'><strong>primis</strong></span> 
     </span>
     <span class='ocr_line' id='line_1_18' title="bbox 217 1209 1736 1266; baseline 0 -15"><span class='ocrx_word' id='word_1_162' title='bbox 217 1212 497 1265; x_wconf 74' lang='lat' dir='ltr'><strong>perspicuum</strong></span> <span class='ocrx_word' id='word_1_163' title='bbox 530 1216 595 1253; x_wconf 85' lang='lat' dir='ltr'><strong>est</strong></span> <span class='ocrx_word' id='word_1_164' title='bbox 630 1213 906 1266; x_wconf 82' lang='lat' dir='ltr'><strong>exemplum:</strong></span> <span class='ocrx_word' id='word_1_165' title='bbox 940 1222 1042 1252; x_wconf 86' lang='lat' dir='ltr'><strong>nam</strong></span> <span class='ocrx_word' id='word_1_166' title='bbox 1062 1210 1161 1262; x_wconf 81' lang='lat' dir='ltr'><strong>quis</strong></span> <span class='ocrx_word' id='word_1_167' title='bbox 1191 1209 1496 1251; x_wconf 82' lang='lat' dir='ltr'><strong>intellecturus</strong></span> <span class='ocrx_word' id='word_1_168' title='bbox 1530 1212 1664 1256; x_wconf 80' lang='lat' dir='ltr'><strong>esset,</strong></span> <span class='ocrx_word' id='word_1_169' title='bbox 1698 1210 1736 1251; x_wconf 84' lang='lat' dir='ltr'><strong>sl</strong></span> 
     </span>
     <span class='ocr_line' id='line_1_19' title="bbox 216 1265 1738 1323; baseline -0.001 -15"><span class='ocrx_word' id='word_1_170' title='bbox 216 1269 317 1321; x_wconf 88' lang='lat' dir='ltr'><strong>quis</strong></span> <span class='ocrx_word' id='word_1_171' title='bbox 353 1270 400 1310; x_wconf 84' lang='lat' dir='ltr'><strong>in</strong></span> <span class='ocrx_word' id='word_1_172' title='bbox 437 1271 635 1311; x_wconf 85' lang='lat' dir='ltr'><strong>eamdem</strong></span> <span class='ocrx_word' id='word_1_173' title='bbox 663 1265 931 1310; x_wconf 80' lang='lat' dir='ltr'><strong>sententiam</strong></span> <span class='ocrx_word' id='word_1_174' title='bbox 957 1269 1137 1315; x_wconf 83' lang='lat' dir='ltr'><strong>diceret,</strong></span> <span class='ocrx_word' id='word_1_175' title='bbox 1168 1267 1228 1315; x_wconf 68' lang='grc' dir='ltr'><strong>μή</strong></span> <span class='ocrx_word' id='word_1_176' title='bbox 1263 1281 1301 1307; x_wconf 81' lang='grc' dir='ltr'><strong>σε</strong></span> <span class='ocrx_word' id='word_1_177' title='bbox 1332 1277 1421 1309; x_wconf 90' lang='lat' dir='ltr'><strong>non</strong></span> <span class='ocrx_word' id='word_1_178' title='bbox 1449 1266 1612 1308; x_wconf 80' lang='lat' dir='ltr'><strong>additis</strong></span> <span class='ocrx_word' id='word_1_179' title='bbox 1641 1266 1738 1323; x_wconf 65' lang='grc' dir='ltr'><strong>πρὸς</strong></span> 
     </span>
     <span class='ocr_line' id='line_1_20' title="bbox 216 1325 1736 1382; baseline 0.001 -17"><span class='ocrx_word' id='word_1_180' title='bbox 216 1326 399 1374; x_wconf 61' lang='grc' dir='ltr'><strong>γονάτων,</strong></span> <span class='ocrx_word' id='word_1_181' title='bbox 432 1326 476 1367; x_wconf 90' lang='lat' dir='ltr'><strong>id</strong></span> <span class='ocrx_word' id='word_1_182' title='bbox 509 1340 561 1368; x_wconf 85' lang='lat' dir='ltr'><strong>ea</strong></span> <span class='ocrx_word' id='word_1_183' title='bbox 589 1332 717 1381; x_wconf 80' lang='lat' dir='ltr'><strong>parte</strong></span> <span class='ocrx_word' id='word_1_184' title='bbox 750 1327 996 1382; x_wconf 76' lang='lat' dir='ltr'><strong>praedicati,</strong></span> <span class='ocrx_word' id='word_1_185' title='bbox 1023 1335 1078 1366; x_wconf 84' lang='lat' dir='ltr'><strong>ex</strong></span> <span class='ocrx_word' id='word_1_186' title='bbox 1107 1336 1197 1377; x_wconf 87' lang='lat' dir='ltr'><strong>qua</strong></span> <span class='ocrx_word' id='word_1_187' title='bbox 1226 1326 1364 1366; x_wconf 83' lang='lat' dir='ltr'><strong>altera</strong></span> <span class='ocrx_word' id='word_1_188' title='bbox 1394 1336 1515 1378; x_wconf 85' lang='lat' dir='ltr'><strong>pars,</strong></span> <span class='ocrx_word' id='word_1_189' title='bbox 1547 1325 1736 1372; x_wconf 62' lang='grc' dir='ltr'><strong>ἱκετεύω,</strong></span> 
     </span>
     <span class='ocr_line' id='line_1_21' title="bbox 216 1381 1733 1438; baseline -0.001 -15"><span class='ocrx_word' id='word_1_190' title='bbox 216 1395 307 1423; x_wconf 80' lang='lat' dir='ltr'><strong>una</strong></span> <span class='ocrx_word' id='word_1_191' title='bbox 341 1397 440 1425; x_wconf 85' lang='lat' dir='ltr'><strong>cum</strong></span> <span class='ocrx_word' id='word_1_192' title='bbox 471 1386 628 1438; x_wconf 79' lang='lat' dir='ltr'><strong>copula</strong></span> <span class='ocrx_word' id='word_1_193' title='bbox 661 1384 738 1433; x_wconf 73' lang='grc' dir='ltr'><strong>εἰμὶ</strong></span> <span class='ocrx_word' id='word_1_194' title='bbox 775 1388 932 1438; x_wconf 76' lang='lat' dir='ltr'><strong>sponte</strong></span> <span class='ocrx_word' id='word_1_195' title='bbox 968 1383 1318 1435; x_wconf 71' lang='lat' dir='ltr'><strong>intelligeretur?</strong></span> <span class='ocrx_word' id='word_1_196' title='bbox 1365 1381 1518 1423; x_wconf 88' lang='lat' dir='ltr'><strong>Unum</strong></span> <span class='ocrx_word' id='word_1_197' title='bbox 1557 1381 1733 1423; x_wconf 66' lang='lat' dir='ltr'><strong>addam.</strong></span> 
     </span>
     <span class='ocr_line' id='line_1_22' title="bbox 218 1438 1735 1495; baseline -0.001 -15"><span class='ocrx_word' id='word_1_198' title='bbox 218 1438 315 1481; x_wconf 76' lang='lat' dir='ltr'><strong>Hoc</strong></span> <span class='ocrx_word' id='word_1_199' title='bbox 335 1451 473 1493; x_wconf 86' lang='lat' dir='ltr'><strong>genus</strong></span> <span class='ocrx_word' id='word_1_200' title='bbox 506 1443 708 1495; x_wconf 85' lang='lat' dir='ltr'><strong>ellipseos</strong></span> <span class='ocrx_word' id='word_1_201' title='bbox 736 1442 830 1495; x_wconf 91' lang='lat' dir='ltr'><strong>qui,</strong></span> <span class='ocrx_word' id='word_1_202' title='bbox 862 1444 912 1481; x_wconf 88' lang='lat' dir='ltr'><strong>ut</strong></span> <span class='ocrx_word' id='word_1_203' title='bbox 943 1440 1075 1492; x_wconf 77' lang='lat' dir='ltr'><strong>vulgo</strong></span> <span class='ocrx_word' id='word_1_204' title='bbox 1110 1440 1288 1480; x_wconf 89' lang='lat' dir='ltr'><strong>solitum</strong></span> <span class='ocrx_word' id='word_1_205' title='bbox 1308 1443 1392 1487; x_wconf 79' lang='lat' dir='ltr'><strong>est,</strong></span> <span class='ocrx_word' id='word_1_206' title='bbox 1423 1440 1481 1480; x_wconf 88' lang='lat' dir='ltr'><strong>iis</strong></span> <span class='ocrx_word' id='word_1_207' title='bbox 1500 1439 1643 1484; x_wconf 77' lang='lat' dir='ltr'><strong>verbis</strong></span> <span class='ocrx_word' id='word_1_208' title='bbox 1663 1450 1735 1479; x_wconf 77' lang='lat' dir='ltr'><strong>ex-</strong></span> 
     </span>
     <span class='ocr_line' id='line_1_23' title="bbox 216 1496 1736 1551; baseline 0.001 -13"><span class='ocrx_word' id='word_1_209' title='bbox 216 1498 427 1551; x_wconf 84' lang='lat' dir='ltr'><strong>plendum</strong></span> <span class='ocrx_word' id='word_1_210' title='bbox 458 1503 651 1547; x_wconf 83' lang='lat' dir='ltr'><strong>censent,</strong></span> <span class='ocrx_word' id='word_1_211' title='bbox 681 1506 778 1551; x_wconf 79' lang='lat' dir='ltr'><strong>quse</strong></span> <span class='ocrx_word' id='word_1_212' title='bbox 810 1500 857 1540; x_wconf 89' lang='lat' dir='ltr'><strong>in</strong></span> <span class='ocrx_word' id='word_1_213' title='bbox 888 1496 1154 1551; x_wconf 84' lang='lat' dir='ltr'><strong>quibusdam</strong></span> <span class='ocrx_word' id='word_1_214' title='bbox 1190 1497 1296 1538; x_wconf 86' lang='lat' dir='ltr'><strong>locis</strong></span> <span class='ocrx_word' id='word_1_215' title='bbox 1330 1497 1482 1538; x_wconf 82' lang='lat' dir='ltr'><strong>addita</strong></span> <span class='ocrx_word' id='word_1_216' title='bbox 1512 1496 1736 1549; x_wconf 77' lang='lat' dir='ltr'><strong>reperiun-</strong></span> 
     </span>
     <span class='ocr_line' id='line_1_24' title="bbox 216 1551 1735 1610; baseline 0.001 -15"><span class='ocrx_word' id='word_1_217' title='bbox 216 1558 305 1602; x_wconf 86' lang='lat' dir='ltr'><strong>tur,</strong></span> <span class='ocrx_word' id='word_1_218' title='bbox 336 1557 522 1597; x_wconf 90' lang='lat' dir='ltr'><strong>multum</strong></span> <span class='ocrx_word' id='word_1_219' title='bbox 557 1557 760 1598; x_wconf 85' lang='lat' dir='ltr'><strong>videntur</strong></span> <span class='ocrx_word' id='word_1_220' title='bbox 781 1557 850 1610; x_wconf 16' lang='lat' dir='ltr'><strong>*ab</strong></span> <span class='ocrx_word' id='word_1_221' title='bbox 886 1559 1006 1597; x_wconf 82' lang='lat' dir='ltr'><strong>recta</strong></span> <span class='ocrx_word' id='word_1_222' title='bbox 1049 1554 1220 1595; x_wconf 84' lang='lat' dir='ltr'><strong>ratione</strong></span> <span class='ocrx_word' id='word_1_223' title='bbox 1264 1555 1482 1595; x_wconf 79' lang='lat' dir='ltr'><strong>aberrare.</strong></span> <span class='ocrx_word' id='word_1_224' title='bbox 1556 1551 1622 1595; x_wconf 88' lang='lat' dir='ltr'><strong>Ut</strong></span> <span class='ocrx_word' id='word_1_225' title='bbox 1658 1555 1735 1606; x_wconf 86' lang='lat' dir='ltr'><strong>qul</strong></span> 
     </span>
     <span class='ocr_line' id='line_1_25' title="bbox 215 1610 1732 1669; baseline -0.001 -16"><span class='ocrx_word' id='word_1_226' title='bbox 215 1616 463 1667; x_wconf 82' lang='lat' dir='ltr'><strong>propterea,</strong></span> <span class='ocrx_word' id='word_1_227' title='bbox 494 1615 612 1666; x_wconf 87' lang='lat' dir='ltr'><strong>quod</strong></span> <span class='ocrx_word' id='word_1_228' title='bbox 633 1614 750 1669; x_wconf 83' lang='lat' dir='ltr'><strong>apud</strong></span> <span class='ocrx_word' id='word_1_229' title='bbox 774 1611 1016 1654; x_wconf 84' lang='lat' dir='ltr'><strong>Homerum</strong></span> <span class='ocrx_word' id='word_1_230' title='bbox 1037 1615 1120 1659; x_wconf 85' lang='lat' dir='ltr'><strong>est,</strong></span> <span class='ocrx_word' id='word_1_231' title='bbox 1152 1610 1269 1666; x_wconf 73' lang='grc' dir='ltr'><strong><em>χρειὼ</em></strong></span> <span class='ocrx_word' id='word_1_232' title='bbox 1301 1611 1376 1666; x_wconf 65' lang='grc' dir='ltr'><strong>γὰρ</strong></span> <span class='ocrx_word' id='word_1_233' title='bbox 1411 1612 1578 1652; x_wconf 72' lang='grc' dir='ltr'><strong>ἱκάνεται</strong></span> <span class='ocrx_word' id='word_1_234' title='bbox 1610 1613 1732 1652; x_wconf 69' lang='grc' dir='ltr'>οὐκέτ’</span> 
     </span>
     <span class='ocr_line' id='line_1_26' title="bbox 218 1668 1735 1725; baseline 0.001 -15"><span class='ocrx_word' id='word_1_235' title='bbox 218 1669 385 1719; x_wconf 62' lang='grc' dir='ltr'><strong>ἀνεκτὸς,</strong></span> <span class='ocrx_word' id='word_1_236' title='bbox 418 1672 463 1712; x_wconf 78' lang='lat' dir='ltr'><strong>in</strong></span> <span class='ocrx_word' id='word_1_237' title='bbox 486 1671 554 1712; x_wconf 82' lang='lat' dir='ltr'><strong>his</strong></span> <span class='ocrx_word' id='word_1_238' title='bbox 572 1671 653 1712; x_wconf 72' lang='grc' dir='ltr'><em>οὔτι</em></span> <span class='ocrx_word' id='word_1_239' title='bbox 679 1689 730 1719; x_wconf 84' lang='grc' dir='ltr'><strong>με</strong></span> <span class='ocrx_word' id='word_1_240' title='bbox 757 1674 905 1713; x_wconf 74' lang='grc' dir='ltr'><strong><em>ταύτης</em></strong></span> <span class='ocrx_word' id='word_1_241' title='bbox 922 1668 1026 1725; x_wconf 68' lang='grc' dir='ltr'>χρεὼ</span> <span class='ocrx_word' id='word_1_242' title='bbox 1058 1670 1191 1717; x_wconf 68' lang='grc' dir='ltr'><strong><em>τιμῆς,</em></strong></span> <span class='ocrx_word' id='word_1_243' title='bbox 1222 1668 1558 1722; x_wconf 77' lang='lat' dir='ltr'><strong>intelligendum</strong></span> <span class='ocrx_word' id='word_1_244' title='bbox 1575 1671 1735 1723; x_wconf 63' lang='lat' dir='ltr'><strong>putant</strong></span> 
     </span>
     <span class='ocr_line' id='line_1_27' title="bbox 129 1727 1735 1781; baseline 0.001 -15"><span class='ocrx_word' id='word_1_245' title='bbox 129 1727 397 1778; x_wconf 75' lang='grc' dir='ltr'><strong>113ἱκαένεται.</strong></span> <span class='ocrx_word' id='word_1_246' title='bbox 459 1727 578 1770; x_wconf 84' lang='lat' dir='ltr'><strong>Nam</strong></span> <span class='ocrx_word' id='word_1_247' title='bbox 613 1729 724 1770; x_wconf 85' lang='lat' dir='ltr'><strong>sicut</strong></span> <span class='ocrx_word' id='word_1_248' title='bbox 756 1729 938 1781; x_wconf 85' lang='lat' dir='ltr'><strong>ubique,</strong></span> <span class='ocrx_word' id='word_1_249' title='bbox 969 1728 1035 1768; x_wconf 86' lang='lat' dir='ltr'><strong>ita</strong></span> <span class='ocrx_word' id='word_1_250' title='bbox 1056 1727 1127 1768; x_wconf 80' lang='lat' dir='ltr'><strong>hie</strong></span> <span class='ocrx_word' id='word_1_251' title='bbox 1147 1739 1322 1780; x_wconf 89' lang='lat' dir='ltr'><strong>quoque</strong></span> <span class='ocrx_word' id='word_1_252' title='bbox 1342 1738 1395 1767; x_wconf 75' lang='lat' dir='ltr'><strong>ea</strong></span> <span class='ocrx_word' id='word_1_253' title='bbox 1415 1727 1556 1768; x_wconf 83' lang='lat' dir='ltr'><strong>verior</strong></span> <span class='ocrx_word' id='word_1_254' title='bbox 1575 1730 1643 1768; x_wconf 90' lang='lat' dir='ltr'><strong>est</strong></span> <span class='ocrx_word' id='word_1_255' title='bbox 1665 1737 1735 1768; x_wconf 78' lang='lat' dir='ltr'><strong>ra.-</strong></span> 
     </span>
     <span class='ocr_line' id='line_1_28' title="bbox 215 1782 1735 1839; baseline -0.001 -13"><span class='ocrx_word' id='word_1_256' title='bbox 215 1784 293 1833; x_wconf 83' lang='lat' dir='ltr'><strong>tio,</strong></span> <span class='ocrx_word' id='word_1_257' title='bbox 325 1795 422 1838; x_wconf 79' lang='lat' dir='ltr'><strong>qnae</strong></span> <span class='ocrx_word' id='word_1_258' title='bbox 453 1786 651 1828; x_wconf 86' lang='lat' dir='ltr'><strong>omnium</strong></span> <span class='ocrx_word' id='word_1_259' title='bbox 684 1788 874 1828; x_wconf 78' lang='lat' dir='ltr'><strong>maxime</strong></span> <span class='ocrx_word' id='word_1_260' title='bbox 909 1785 1097 1839; x_wconf 83' lang='lat' dir='ltr'><strong>simplex</strong></span> <span class='ocrx_word' id='word_1_261' title='bbox 1132 1788 1213 1825; x_wconf 83' lang='lat' dir='ltr'><strong>est.</strong></span> <span class='ocrx_word' id='word_1_262' title='bbox 1282 1782 1430 1832; x_wconf 79' lang='lat' dir='ltr'><strong>Quare</strong></span> <span class='ocrx_word' id='word_1_263' title='bbox 1459 1784 1620 1825; x_wconf 81' lang='lat' dir='ltr'><strong>rectius</strong></span> <span class='ocrx_word' id='word_1_264' title='bbox 1649 1784 1735 1837; x_wconf 64' lang='grc' dir='ltr'><strong>ἔχει</strong></span> 
     </span>
     <span class='ocr_line' id='line_1_29' title="bbox 216 1843 451 1896; baseline 0.004 -13"><span class='ocrx_word' id='word_1_265' title='bbox 216 1843 451 1896; x_wconf 75' lang='lat' dir='ltr'><strong>intelliges.</strong></span> 
     </span>
    </p>

    <p class='ocr_par' dir='ltr' id='par_1_3' title="bbox 210 1899 1735 2994">
     <span class='ocr_line' id='line_1_30' title="bbox 272 1899 1734 1956; baseline 0 -15"><span class='ocrx_word' id='word_1_266' title='bbox 272 1899 415 1942; x_wconf 89' lang='lat' dir='ltr'><strong>Venio</strong></span> <span class='ocrx_word' id='word_1_267' title='bbox 435 1901 492 1942; x_wconf 85' lang='lat' dir='ltr'><strong>ad</strong></span> <span class='ocrx_word' id='word_1_268' title='bbox 512 1914 565 1943; x_wconf 88' lang='lat' dir='ltr'><strong>ea</strong></span> <span class='ocrx_word' id='word_1_269' title='bbox 582 1901 803 1956; x_wconf 83' lang='lat' dir='ltr'><strong>exempla,</strong></span> <span class='ocrx_word' id='word_1_270' title='bbox 835 1901 880 1942; x_wconf 93' lang='lat' dir='ltr'><strong>in</strong></span> <span class='ocrx_word' id='word_1_271' title='bbox 914 1902 1077 1955; x_wconf 85' lang='lat' dir='ltr'><strong>quibus</strong></span> <span class='ocrx_word' id='word_1_272' title='bbox 1112 1910 1264 1942; x_wconf 87' lang='lat' dir='ltr'><strong>omnes</strong></span> <span class='ocrx_word' id='word_1_273' title='bbox 1296 1899 1429 1942; x_wconf 90' lang='lat' dir='ltr'><strong>simul</strong></span> <span class='ocrx_word' id='word_1_274' title='bbox 1462 1899 1734 1943; x_wconf 77' lang='lat' dir='ltr'><strong>enunciatio-</strong></span> 
     </span>
     <span class='ocr_line' id='line_1_31' title="bbox 215 1955 1735 2014; baseline 0.001 -16"><span class='ocrx_word' id='word_1_275' title='bbox 215 1958 283 1998; x_wconf 83' lang='lat' dir='ltr'><strong>nis</strong></span> <span class='ocrx_word' id='word_1_276' title='bbox 318 1963 482 2014; x_wconf 85' lang='lat' dir='ltr'><strong>partes,</strong></span> <span class='ocrx_word' id='word_1_277' title='bbox 523 1960 569 2000; x_wconf 95' lang='lat' dir='ltr'><strong>id</strong></span> <span class='ocrx_word' id='word_1_278' title='bbox 596 1963 663 2001; x_wconf 86' lang='lat' dir='ltr'><strong>est</strong></span> <span class='ocrx_word' id='word_1_279' title='bbox 698 1961 872 2012; x_wconf 81' lang='lat' dir='ltr'><strong>integra</strong></span> <span class='ocrx_word' id='word_1_280' title='bbox 902 1959 1137 2007; x_wconf 86' lang='lat' dir='ltr'><strong>sententia,</strong></span> <span class='ocrx_word' id='word_1_281' title='bbox 1174 1959 1453 2000; x_wconf 86' lang='lat' dir='ltr'><strong>omittuntur.</strong></span> <span class='ocrx_word' id='word_1_282' title='bbox 1514 1955 1660 2010; x_wconf 84' lang='lat' dir='ltr'><strong>Atque</strong></span> <span class='ocrx_word' id='word_1_283' title='bbox 1681 1969 1735 1999; x_wconf 80' lang='lat' dir='ltr'><strong>ex</strong></span> 
     </span>
     <span class='ocr_line' id='line_1_32' title="bbox 213 2012 1734 2072; baseline 0.001 -17"><span class='ocrx_word' id='word_1_284' title='bbox 213 2015 319 2064; x_wconf 84' lang='lat' dir='ltr'><strong>illis,</strong></span> <span class='ocrx_word' id='word_1_285' title='bbox 350 2025 446 2070; x_wconf 78' lang='lat' dir='ltr'><strong>quae</strong></span> <span class='ocrx_word' id='word_1_286' title='bbox 468 2028 603 2072; x_wconf 85' lang='lat' dir='ltr'><strong>supra</strong></span> <span class='ocrx_word' id='word_1_287' title='bbox 632 2019 836 2059; x_wconf 84' lang='lat' dir='ltr'><strong>universe</strong></span> <span class='ocrx_word' id='word_1_288' title='bbox 869 2017 922 2058; x_wconf 89' lang='lat' dir='ltr'><strong>de</strong></span> <span class='ocrx_word' id='word_1_289' title='bbox 942 2017 1086 2071; x_wconf 85' lang='lat' dir='ltr'><strong>ellipsi</strong></span> <span class='ocrx_word' id='word_1_290' title='bbox 1107 2016 1226 2058; x_wconf 83' lang='lat' dir='ltr'><strong>dieta</strong></span> <span class='ocrx_word' id='word_1_291' title='bbox 1248 2019 1366 2064; x_wconf 87' lang='lat' dir='ltr'><strong>sunt,</strong></span> <span class='ocrx_word' id='word_1_292' title='bbox 1398 2018 1557 2070; x_wconf 84' lang='lat' dir='ltr'><strong>sponte</strong></span> <span class='ocrx_word' id='word_1_293' title='bbox 1573 2012 1734 2057; x_wconf 84' lang='lat' dir='ltr'><strong>intelli-</strong></span> 
     </span>
     <span class='ocr_line' id='line_1_33' title="bbox 212 2073 1732 2129; baseline 0 -15"><span class='ocrx_word' id='word_1_294' title='bbox 212 2073 347 2125; x_wconf 74' lang='lat' dir='ltr'><strong>gitur,</strong></span> <span class='ocrx_word' id='word_1_295' title='bbox 379 2085 467 2116; x_wconf 88' lang='lat' dir='ltr'><strong>non</strong></span> <span class='ocrx_word' id='word_1_296' title='bbox 498 2086 625 2129; x_wconf 79' lang='lat' dir='ltr'><strong>posse</strong></span> <span class='ocrx_word' id='word_1_297' title='bbox 659 2076 714 2117; x_wconf 89' lang='lat' dir='ltr'><strong>de</strong></span> <span class='ocrx_word' id='word_1_298' title='bbox 743 2075 960 2127; x_wconf 85' lang='lat' dir='ltr'><strong>ejusmodi</strong></span> <span class='ocrx_word' id='word_1_299' title='bbox 992 2074 1210 2115; x_wconf 84' lang='lat' dir='ltr'><strong>sententia</strong></span> <span class='ocrx_word' id='word_1_300' title='bbox 1230 2083 1476 2115; x_wconf 84' lang='lat' dir='ltr'><strong>sermonem</strong></span> <span class='ocrx_word' id='word_1_301' title='bbox 1495 2084 1606 2121; x_wconf 80' lang='lat' dir='ltr'><strong>esse,</strong></span> <span class='ocrx_word' id='word_1_302' title='bbox 1636 2083 1732 2126; x_wconf 76' lang='lat' dir='ltr'><strong>quae</strong></span> 
     </span>
     <span class='ocr_line' id='line_1_34' title="bbox 212 2130 1734 2187; baseline 0 -16"><span class='ocrx_word' id='word_1_303' title='bbox 212 2132 305 2172; x_wconf 84' lang='lat' dir='ltr'><strong>sola</strong></span> <span class='ocrx_word' id='word_1_304' title='bbox 339 2140 418 2186; x_wconf 87' lang='lat' dir='ltr'><strong>per</strong></span> <span class='ocrx_word' id='word_1_305' title='bbox 449 2140 492 2173; x_wconf 83' lang='lat' dir='ltr'><strong>se</strong></span> <span class='ocrx_word' id='word_1_306' title='bbox 527 2137 713 2186; x_wconf 87' lang='lat' dir='ltr'><strong>constet,</strong></span> <span class='ocrx_word' id='word_1_307' title='bbox 742 2133 860 2187; x_wconf 90' lang='lat' dir='ltr'><strong>quod</strong></span> <span class='ocrx_word' id='word_1_308' title='bbox 891 2132 1021 2186; x_wconf 68' lang='lat' dir='ltr'><strong>huJus</strong></span> <span class='ocrx_word' id='word_1_309' title='bbox 1042 2133 1224 2173; x_wconf 86' lang='lat' dir='ltr'><strong>omissio</strong></span> <span class='ocrx_word' id='word_1_310' title='bbox 1245 2132 1300 2172; x_wconf 87' lang='lat' dir='ltr'><strong>ad</strong></span> <span class='ocrx_word' id='word_1_311' title='bbox 1319 2132 1582 2173; x_wconf 75' lang='lat' dir='ltr'><strong>brevitatem</strong></span> <span class='ocrx_word' id='word_1_312' title='bbox 1603 2131 1650 2172; x_wconf 89' lang='lat' dir='ltr'><strong>in</strong></span> <span class='ocrx_word' id='word_1_313' title='bbox 1666 2130 1734 2171; x_wconf 83' lang='lat' dir='ltr'><strong>di·</strong></span> 
     </span>
     <span class='ocr_line' id='line_1_35' title="bbox 211 2189 1733 2244; baseline 0.001 -16"><span class='ocrx_word' id='word_1_314' title='bbox 211 2189 347 2230; x_wconf 80' lang='lat' dir='ltr'><strong>eendo</strong></span> <span class='ocrx_word' id='word_1_315' title='bbox 366 2191 571 2244; x_wconf 81' lang='lat' dir='ltr'><strong>pertinet,</strong></span> <span class='ocrx_word' id='word_1_316' title='bbox 604 2192 680 2233; x_wconf 84' lang='lat' dir='ltr'><strong>sed</strong></span> <span class='ocrx_word' id='word_1_317' title='bbox 710 2190 957 2232; x_wconf 82' lang='lat' dir='ltr'><strong>necessario</strong></span> <span class='ocrx_word' id='word_1_318' title='bbox 977 2191 1111 2231; x_wconf 82' lang='lat' dir='ltr'><strong>talem</strong></span> <span class='ocrx_word' id='word_1_319' title='bbox 1147 2189 1354 2242; x_wconf 83' lang='lat' dir='ltr'><strong>intelligi,</strong></span> <span class='ocrx_word' id='word_1_320' title='bbox 1386 2199 1485 2242; x_wconf 84' lang='lat' dir='ltr'><strong>quae</strong></span> <span class='ocrx_word' id='word_1_321' title='bbox 1505 2199 1604 2231; x_wconf 85' lang='lat' dir='ltr'><strong>cum</strong></span> <span class='ocrx_word' id='word_1_322' title='bbox 1623 2189 1733 2230; x_wconf 82' lang='lat' dir='ltr'><strong>alio·</strong></span> 
     </span>
     <span class='ocr_line' id='line_1_36' title="bbox 211 2246 1731 2300; baseline 0.001 -14"><span class='ocrx_word' id='word_1_323' title='bbox 211 2254 309 2287; x_wconf 84' lang='lat' dir='ltr'><strong>rum</strong></span> <span class='ocrx_word' id='word_1_324' title='bbox 346 2249 670 2290; x_wconf 82' lang='lat' dir='ltr'><strong>constructione</strong></span> <span class='ocrx_word' id='word_1_325' title='bbox 709 2249 942 2289; x_wconf 82' lang='lat' dir='ltr'><strong>verborum</strong></span> <span class='ocrx_word' id='word_1_326' title='bbox 975 2247 1209 2289; x_wconf 81' lang='lat' dir='ltr'><strong>eohaereat.</strong></span> <span class='ocrx_word' id='word_1_327' title='bbox 1288 2246 1369 2288; x_wconf 86' lang='lat' dir='ltr'><strong>Est</strong></span> <span class='ocrx_word' id='word_1_328' title='bbox 1406 2247 1525 2287; x_wconf 83' lang='lat' dir='ltr'><strong>enim</strong></span> <span class='ocrx_word' id='word_1_329' title='bbox 1563 2246 1731 2300; x_wconf 81' lang='lat' dir='ltr'><strong>ellipsis</strong></span> 
     </span>
     <span class='ocr_line' id='line_1_37' title="bbox 211 2302 1731 2359; baseline 0.001 -16"><span class='ocrx_word' id='word_1_330' title='bbox 211 2305 355 2346; x_wconf 81' lang='lat' dir='ltr'><strong>oratio</strong></span> <span class='ocrx_word' id='word_1_331' title='bbox 374 2317 461 2346; x_wconf 90' lang='lat' dir='ltr'><strong>non</strong></span> <span class='ocrx_word' id='word_1_332' title='bbox 483 2307 672 2358; x_wconf 84' lang='lat' dir='ltr'><strong>integra,</strong></span> <span class='ocrx_word' id='word_1_333' title='bbox 703 2318 800 2359; x_wconf 82' lang='lat' dir='ltr'><strong>quae</strong></span> <span class='ocrx_word' id='word_1_334' title='bbox 833 2316 911 2347; x_wconf 90' lang='lat' dir='ltr'><strong>usu</strong></span> <span class='ocrx_word' id='word_1_335' title='bbox 932 2306 1103 2358; x_wconf 82' lang='lat' dir='ltr'><strong>integra</strong></span> <span class='ocrx_word' id='word_1_336' title='bbox 1140 2305 1341 2345; x_wconf 82' lang='lat' dir='ltr'><strong>habetur.</strong></span> <span class='ocrx_word' id='word_1_337' title='bbox 1404 2302 1452 2344; x_wconf 88' lang='lat' dir='ltr'><strong>Si</strong></span> <span class='ocrx_word' id='word_1_338' title='bbox 1484 2303 1616 2357; x_wconf 74' lang='lat' dir='ltr'><strong>plena</strong></span> <span class='ocrx_word' id='word_1_339' title='bbox 1635 2315 1731 2345; x_wconf 81' lang='lat' dir='ltr'><strong>ora-</strong></span> 
     </span>
     <span class='ocr_line' id='line_1_38' title="bbox 211 2361 1731 2420; baseline 0.002 -20"><span class='ocrx_word' id='word_1_340' title='bbox 211 2361 330 2402; x_wconf 77' lang='lat' dir='ltr'><strong>tione</strong></span> <span class='ocrx_word' id='word_1_341' title='bbox 360 2363 538 2411; x_wconf 76' lang='lat' dir='ltr'><strong>dicitur,</strong></span> <span class='ocrx_word' id='word_1_342' title='bbox 569 2362 631 2412; x_wconf 66' lang='grc' dir='ltr'><strong>μὴ</strong></span> <span class='ocrx_word' id='word_1_343' title='bbox 661 2363 731 2420; x_wconf 79' lang='grc' dir='ltr'><strong>δρᾶ</strong></span> <span class='ocrx_word' id='word_1_344' title='bbox 762 2362 871 2411; x_wconf 76' lang='grc' dir='ltr'>τάδε,</span> <span class='ocrx_word' id='word_1_345' title='bbox 892 2362 1101 2417; x_wconf 76' lang='lat' dir='ltr'><strong>elliptica,</strong></span> <span class='ocrx_word' id='word_1_346' title='bbox 1129 2362 1188 2410; x_wconf 64' lang='grc' dir='ltr'><strong>μὴ</strong></span> <span class='ocrx_word' id='word_1_347' title='bbox 1210 2361 1350 2418; x_wconf 67' lang='grc' dir='ltr'><strong><em>δράσῃς</em></strong></span> <span class='ocrx_word' id='word_1_348' title='bbox 1368 2361 1477 2409; x_wconf 71' lang='grc' dir='ltr'>τάδε,</span> <span class='ocrx_word' id='word_1_349' title='bbox 1508 2362 1625 2414; x_wconf 83' lang='lat' dir='ltr'><strong>quod</strong></span> <span class='ocrx_word' id='word_1_350' title='bbox 1643 2361 1731 2403; x_wconf 68' lang='lat' dir='ltr'><strong>elu-</strong></span> 
     </span>
     <span class='ocr_line' id='line_1_39' title="bbox 210 2417 1729 2475; baseline 0.001 -18"><span class='ocrx_word' id='word_1_351' title='bbox 210 2418 301 2459; x_wconf 86' lang='lat' dir='ltr'><strong>rius</strong></span> <span class='ocrx_word' id='word_1_352' title='bbox 332 2424 398 2461; x_wconf 87' lang='lat' dir='ltr'><strong>est</strong></span> <span class='ocrx_word' id='word_1_353' title='bbox 428 2421 581 2469; x_wconf 75' lang='lat' dir='ltr'><strong>etiam,</strong></span> <span class='ocrx_word' id='word_1_354' title='bbox 612 2422 687 2462; x_wconf 85' lang='lat' dir='ltr'><strong>ubi</strong></span> <span class='ocrx_word' id='word_1_355' title='bbox 719 2422 820 2462; x_wconf 75' lang='grc' dir='ltr'><strong><em>ὅπως</em></strong></span> <span class='ocrx_word' id='word_1_356' title='bbox 849 2421 1084 2475; x_wconf 74' lang='lat' dir='ltr'><strong>adJicitur:</strong></span> <span class='ocrx_word' id='word_1_357' title='bbox 1114 2419 1216 2460; x_wconf 76' lang='grc' dir='ltr'><em>ὅπως</em></span> <span class='ocrx_word' id='word_1_358' title='bbox 1245 2419 1285 2460; x_wconf 81' lang='grc' dir='ltr'><strong>δὲ</strong></span> <span class='ocrx_word' id='word_1_359' title='bbox 1312 2419 1430 2468; x_wconf 63' lang='grc' dir='ltr'><strong><em>μηδὲν</em></strong></span> <span class='ocrx_word' id='word_1_360' title='bbox 1450 2417 1562 2474; x_wconf 70' lang='grc' dir='ltr'><strong><em>εἴπῃς</em></strong></span> <span class='ocrx_word' id='word_1_361' title='bbox 1580 2418 1729 2466; x_wconf 67' lang='grc' dir='ltr'><strong>μηδενί.</strong></span> 
     </span>
     <span class='ocr_line' id='line_1_40' title="bbox 210 2472 1731 2533; baseline 0.002 -19"><span class='ocrx_word' id='word_1_362' title='bbox 210 2472 477 2530; x_wconf 81' lang='lat' dir='ltr'><strong>Intelligitur</strong></span> <span class='ocrx_word' id='word_1_363' title='bbox 510 2479 627 2520; x_wconf 89' lang='lat' dir='ltr'><strong>enim</strong></span> <span class='ocrx_word' id='word_1_364' title='bbox 651 2480 697 2520; x_wconf 91' lang='lat' dir='ltr'><strong>in</strong></span> <span class='ocrx_word' id='word_1_365' title='bbox 719 2480 787 2520; x_wconf 88' lang='lat' dir='ltr'><strong>his</strong></span> <span class='ocrx_word' id='word_1_366' title='bbox 821 2478 904 2533; x_wconf 77' lang='grc' dir='ltr'>ὅρα,</span> <span class='ocrx_word' id='word_1_367' title='bbox 932 2491 1020 2531; x_wconf 91' lang='lat' dir='ltr'><strong>quo</strong></span> <span class='ocrx_word' id='word_1_368' title='bbox 1051 2477 1184 2519; x_wconf 83' lang='lat' dir='ltr'><strong>verbo</strong></span> <span class='ocrx_word' id='word_1_369' title='bbox 1214 2477 1305 2518; x_wconf 84' lang='lat' dir='ltr'><strong>haec</strong></span> <span class='ocrx_word' id='word_1_370' title='bbox 1333 2477 1421 2519; x_wconf 86' lang='lat' dir='ltr'><strong>tria</strong></span> <span class='ocrx_word' id='word_1_371' title='bbox 1449 2477 1731 2519; x_wconf 79' lang='lat' dir='ltr'><strong>continentur</strong></span> 
     </span>
     <span class='ocr_line' id='line_1_41' title="bbox 210 2532 1727 2589; baseline 0.001 -16"><span class='ocrx_word' id='word_1_372' title='bbox 210 2535 372 2585; x_wconf 87' lang='lat' dir='ltr'><strong>omnia,</strong></span> <span class='ocrx_word' id='word_1_373' title='bbox 402 2536 564 2589; x_wconf 86' lang='lat' dir='ltr'><strong>quibus</strong></span> <span class='ocrx_word' id='word_1_374' title='bbox 594 2537 649 2577; x_wconf 89' lang='lat' dir='ltr'><strong>ad</strong></span> <span class='ocrx_word' id='word_1_375' title='bbox 680 2538 900 2589; x_wconf 78' lang='lat' dir='ltr'><strong>integram</strong></span> <span class='ocrx_word' id='word_1_376' title='bbox 930 2535 1196 2577; x_wconf 80' lang='lat' dir='ltr'><strong>sententiam</strong></span> <span class='ocrx_word' id='word_1_377' title='bbox 1225 2545 1336 2589; x_wconf 89' lang='lat' dir='ltr'><strong>opus</strong></span> <span class='ocrx_word' id='word_1_378' title='bbox 1354 2538 1437 2582; x_wconf 76' lang='lat' dir='ltr'><strong>est,</strong></span> <span class='ocrx_word' id='word_1_379' title='bbox 1459 2532 1504 2575; x_wconf 79' lang='grc' dir='ltr'><strong>σὺ</strong></span> <span class='ocrx_word' id='word_1_380' title='bbox 1523 2535 1613 2589; x_wconf 68' lang='grc' dir='ltr'><strong>ὁρῶν</strong></span> <span class='ocrx_word' id='word_1_381' title='bbox 1633 2532 1727 2575; x_wconf 58' lang='grc' dir='ltr'><strong><em>ἴσθι.</em></strong></span> 
     </span>
     <span class='ocr_line' id='line_1_42' title="bbox 211 2589 1728 2647; baseline 0.001 -16"><span class='ocrx_word' id='word_1_382' title='bbox 211 2589 486 2644; x_wconf 80' lang='lat' dir='ltr'><strong>Quamquam</strong></span> <span class='ocrx_word' id='word_1_383' title='bbox 516 2604 604 2634; x_wconf 89' lang='lat' dir='ltr'><strong>non</strong></span> <span class='ocrx_word' id='word_1_384' title='bbox 635 2604 892 2647; x_wconf 83' lang='lat' dir='ltr'><strong>repugnem,</strong></span> <span class='ocrx_word' id='word_1_385' title='bbox 923 2594 963 2635; x_wconf 87' lang='lat' dir='ltr'><strong>si</strong></span> <span class='ocrx_word' id='word_1_386' title='bbox 995 2593 1097 2646; x_wconf 83' lang='lat' dir='ltr'><strong>quis</strong></span> <span class='ocrx_word' id='word_1_387' title='bbox 1126 2594 1293 2634; x_wconf 84' lang='lat' dir='ltr'><strong>mavult</strong></span> <span class='ocrx_word' id='word_1_388' title='bbox 1324 2592 1528 2645; x_wconf 85' lang='lat' dir='ltr'><strong>intelligi,</strong></span> <span class='ocrx_word' id='word_1_389' title='bbox 1556 2592 1662 2639; x_wconf 65' lang='grc' dir='ltr'><strong>λέγω</strong></span> <span class='ocrx_word' id='word_1_390' title='bbox 1688 2609 1728 2632; x_wconf 77' lang='grc' dir='ltr'><strong>σε</strong></span> 
     </span>
     <span class='ocr_line' id='line_1_43' title="bbox 211 2647 1728 2705; baseline 0.002 -18"><span class='ocrx_word' id='word_1_391' title='bbox 211 2649 310 2702; x_wconf 78' lang='grc' dir='ltr'><strong><em>ὁρᾷν.</em></strong></span> <span class='ocrx_word' id='word_1_392' title='bbox 384 2647 501 2691; x_wconf 85' lang='lat' dir='ltr'><strong>Nam</strong></span> <span class='ocrx_word' id='word_1_393' title='bbox 540 2652 633 2693; x_wconf 80' lang='lat' dir='ltr'><strong>fere</strong></span> <span class='ocrx_word' id='word_1_394' title='bbox 674 2655 818 2693; x_wconf 85' lang='lat' dir='ltr'><strong>totum</strong></span> <span class='ocrx_word' id='word_1_395' title='bbox 855 2652 937 2693; x_wconf 85' lang='lat' dir='ltr'><strong>hoe</strong></span> <span class='ocrx_word' id='word_1_396' title='bbox 971 2663 1111 2704; x_wconf 84' lang='lat' dir='ltr'><strong>genus</strong></span> <span class='ocrx_word' id='word_1_397' title='bbox 1152 2651 1358 2705; x_wconf 85' lang='lat' dir='ltr'><strong>ellipseos</strong></span> <span class='ocrx_word' id='word_1_398' title='bbox 1391 2651 1438 2691; x_wconf 89' lang='lat' dir='ltr'><strong>in</strong></span> <span class='ocrx_word' id='word_1_399' title='bbox 1479 2649 1728 2702; x_wconf 80' lang='lat' dir='ltr'><strong>hujusmodi</strong></span> 
     </span>
     <span class='ocr_line' id='line_1_44' title="bbox 211 2706 1727 2763; baseline 0.001 -17"><span class='ocrx_word' id='word_1_400' title='bbox 211 2706 436 2747; x_wconf 84' lang='lat' dir='ltr'><strong>sententiis</strong></span> <span class='ocrx_word' id='word_1_401' title='bbox 467 2714 681 2756; x_wconf 86' lang='lat' dir='ltr'><strong>versatur,</strong></span> <span class='ocrx_word' id='word_1_402' title='bbox 710 2710 872 2762; x_wconf 84' lang='lat' dir='ltr'><strong>quibus</strong></span> <span class='ocrx_word' id='word_1_403' title='bbox 905 2720 984 2750; x_wconf 86' lang='lat' dir='ltr'><strong>nos</strong></span> <span class='ocrx_word' id='word_1_404' title='bbox 1014 2709 1122 2749; x_wconf 89' lang='lat' dir='ltr'><strong>velle</strong></span> <span class='ocrx_word' id='word_1_405' title='bbox 1151 2709 1336 2763; x_wconf 87' lang='lat' dir='ltr'><strong>aliquid,</strong></span> <span class='ocrx_word' id='word_1_406' title='bbox 1366 2708 1432 2749; x_wconf 84' lang='lat' dir='ltr'><strong>vel</strong></span> <span class='ocrx_word' id='word_1_407' title='bbox 1452 2717 1630 2760; x_wconf 74' lang='lat' dir='ltr'><strong>cupere,</strong></span> <span class='ocrx_word' id='word_1_408' title='bbox 1659 2708 1727 2748; x_wconf 80' lang='lat' dir='ltr'><strong>vel</strong></span> 
     </span>
     <span class='ocr_line' id='line_1_45' title="bbox 210 2762 1728 2820; baseline 0.001 -18"><span class='ocrx_word' id='word_1_409' title='bbox 210 2762 470 2810; x_wconf 78' lang='lat' dir='ltr'><strong>desiderare,</strong></span> <span class='ocrx_word' id='word_1_410' title='bbox 501 2766 568 2806; x_wconf 87' lang='lat' dir='ltr'><strong>vel</strong></span> <span class='ocrx_word' id='word_1_411' title='bbox 590 2767 777 2820; x_wconf 82' lang='lat' dir='ltr'><strong>probare</strong></span> <span class='ocrx_word' id='word_1_412' title='bbox 795 2767 1118 2819; x_wconf 81' lang='lat' dir='ltr'><strong>significamus:</strong></span> <span class='ocrx_word' id='word_1_413' title='bbox 1152 2767 1287 2807; x_wconf 86' lang='lat' dir='ltr'><strong>veluti</strong></span> <span class='ocrx_word' id='word_1_414' title='bbox 1321 2766 1349 2805; x_wconf 79' lang='grc' dir='ltr'><strong>εἰ</strong></span> <span class='ocrx_word' id='word_1_415' title='bbox 1377 2768 1532 2814; x_wconf 67' lang='grc' dir='ltr'><strong>γένοιτο·</strong></span> <span class='ocrx_word' id='word_1_416' title='bbox 1569 2765 1659 2804; x_wconf 76' lang='grc' dir='ltr'><strong>ἀλλ’</strong></span> <span class='ocrx_word' id='word_1_417' title='bbox 1696 2765 1728 2804; x_wconf 76' lang='grc' dir='ltr'><strong>εἰ</strong></span> 
     </span>
     <span class='ocr_line' id='line_1_46' title="bbox 210 2820 1726 2877; baseline 0.001 -17"><span class='ocrx_word' id='word_1_418' title='bbox 210 2821 279 2868; x_wconf 83' lang='grc' dir='ltr'><strong>μὲν</strong></span> <span class='ocrx_word' id='word_1_419' title='bbox 312 2820 463 2862; x_wconf 74' lang='grc' dir='ltr'>δώσουσι</span> <span class='ocrx_word' id='word_1_420' title='bbox 494 2824 606 2877; x_wconf 62' lang='grc' dir='ltr'><em>’γέρας</em></span> <span class='ocrx_word' id='word_1_421' title='bbox 634 2823 857 2872; x_wconf 63' lang='grc' dir='ltr'><em>μεγάθυμοι</em></span> <span class='ocrx_word' id='word_1_422' title='bbox 885 2823 1065 2876; x_wconf 84' lang='grc' dir='ltr'>Ἀχαιοί.</span> <span class='ocrx_word' id='word_1_423' title='bbox 1141 2822 1396 2875; x_wconf 73' lang='lat' dir='ltr'><strong>cujusmodi</strong></span> <span class='ocrx_word' id='word_1_424' title='bbox 1436 2821 1648 2862; x_wconf 61' lang='lat' dir='ltr'><strong>formulas</strong></span> <span class='ocrx_word' id='word_1_425' title='bbox 1688 2822 1726 2862; x_wconf 72' lang='lat' dir='ltr'><strong>is</strong></span> 
     </span>
     <span class='ocr_line' id='line_1_47' title="bbox 210 2878 1725 2935; baseline 0.001 -17"><span class='ocrx_word' id='word_1_426' title='bbox 210 2878 400 2926; x_wconf 84' lang='lat' dir='ltr'><strong>demum,</strong></span> <span class='ocrx_word' id='word_1_427' title='bbox 433 2886 531 2920; x_wconf 86' lang='lat' dir='ltr'><strong>meo</strong></span> <span class='ocrx_word' id='word_1_428' title='bbox 547 2881 732 2932; x_wconf 85' lang='lat' dir='ltr'><strong>judicio,</strong></span> <span class='ocrx_word' id='word_1_429' title='bbox 754 2887 872 2923; x_wconf 74' lang='lat' dir='ltr'><strong>recte</strong></span> <span class='ocrx_word' id='word_1_430' title='bbox 893 2880 1144 2935; x_wconf 83' lang='lat' dir='ltr'><strong>explicabit,</strong></span> <span class='ocrx_word' id='word_1_431' title='bbox 1165 2882 1242 2934; x_wconf 90' lang='lat' dir='ltr'><strong>qui</strong></span> <span class='ocrx_word' id='word_1_432' title='bbox 1273 2893 1359 2922; x_wconf 92' lang='lat' dir='ltr'><strong>non</strong></span> <span class='ocrx_word' id='word_1_433' title='bbox 1387 2884 1557 2921; x_wconf 82' lang='lat' dir='ltr'><strong>eertum</strong></span> <span class='ocrx_word' id='word_1_434' title='bbox 1587 2879 1725 2931; x_wconf 86' lang='lat' dir='ltr'><strong>quod-</strong></span> 
     </span>
     <span class='ocr_line' id='line_1_48' title="bbox 210 2936 1725 2994; baseline 0 -17"><span class='ocrx_word' id='word_1_435' title='bbox 210 2936 312 2977; x_wconf 83' lang='lat' dir='ltr'><strong>dam</strong></span> <span class='ocrx_word' id='word_1_436' title='bbox 335 2937 533 2986; x_wconf 76' lang='lat' dir='ltr'><strong>verbum,</strong></span> <span class='ocrx_word' id='word_1_437' title='bbox 565 2939 640 2981; x_wconf 84' lang='lat' dir='ltr'><strong>sed</strong></span> <span class='ocrx_word' id='word_1_438' title='bbox 657 2939 856 2982; x_wconf 86' lang='lat' dir='ltr'><strong>universe</strong></span> <span class='ocrx_word' id='word_1_439' title='bbox 875 2939 1153 2993; x_wconf 79' lang='lat' dir='ltr'><strong>sententiam,</strong></span> <span class='ocrx_word' id='word_1_440' title='bbox 1181 2940 1330 2994; x_wconf 75' lang='lat' dir='ltr'><strong>qualis</strong></span> <span class='ocrx_word' id='word_1_441' title='bbox 1349 2937 1599 2991; x_wconf 80' lang='lat' dir='ltr'><strong>requiritur,</strong></span> <span class='ocrx_word' id='word_1_442' title='bbox 1627 2949 1725 2979; x_wconf 46' lang='lat' dir='ltr'><strong>een*</strong></span> 
     </span>
    </p>
   </div>
  </div>
 </body>
</html>
