1838 3164
193 120 250 164 64
620 123 939 169 PLEONASMI
967 127 1287 174 VERBORUM.

191 240 242 280 ut
269 237 315 279 ii.
334 234 404 280 43.
426 239 589 295 saepius
608 253 682 297 ap.
702 242 828 295 alios,
862 246 913 285 ut
948 243 1152 298 Sophocl.
1180 243 1364 286 Philoct.
1385 243 1485 286 425.
1516 245 1706 293 maxime

187 308 287 338 cum
309 298 559 350 negatione,
581 302 648 341 οὐκ
663 297 768 349 εἶναι,
784 314 869 343 non
889 307 1066 356 superst.
1085 303 1176 344 sive
1206 308 1416 344 mortuum
1429 317 1526 346 esse.
1558 302 1704 358 Atque

189 354 328 396 etiam
355 367 424 397 res
446 356 645 400 admittit
664 357 777 400 hanc
811 360 1236 413 interpretationem,
1258 361 1364 414 quia
1385 361 1448 402 ibi
1479 362 1628 414 agitur
1646 361 1701 402 de

190 412 322 454 rebus
342 425 431 455 non
465 414 595 468 longe
620 427 648 456 a
669 419 810 473 morte
841 414 1083 459 Alexandri
1115 417 1181 460 M.
1218 417 1499 472 gestis.-De
1520 420 1705 475 ὑπάρχειν

192 466 283 512 εἶναι
301 470 389 529 vid.
409 470 490 514 sub
509 473 709 529 ὑπάρχειν.

789 560 1120 608 ΕΟΙΚΕΝΑΙ.

249 634 398 691 HuJus
416 639 540 683 verbi
572 641 776 693 frequens
807 642 875 681 est
894 639 1189 694 pleonasmus,
1223 642 1301 685 ubi
1327 643 1534 696 junctum
1555 644 1621 684 est
1638 641 1704 685 in-

191 693 362 739 finitivo
382 698 497 740 alius
526 698 667 746 verbi,
697 697 775 739 sed
809 701 854 738 et
873 697 950 738 ubi
976 700 1226 754 participio.
1283 700 1399 743 Nam
1432 695 1612 757 prorsus
1639 714 1704 743 re-

191 753 382 809 spondet
401 761 456 811 τῷ
473 755 606 804 δοκεῖν,
636 755 754 808 quod
775 754 874 796 vide
895 768 1041 810 supra.
1102 755 1307 812 Sophocl.
1337 757 1525 801 Philoct.
1543 757 1642 801 320.
1667 772 1703 799 s.

180 807 326 852 ’'Eomoe
359 812 468 866 κᾷγὼ
498 816 578 854 τοῖς
610 814 827 866 ἀφιγμένοις
857 811 919 854 ἴσα
951 811 1062 862 ξένοις
1091 815 1326 871 ἐποικτείξειν
1355 835 1409 859 σε.
1470 815 1604 858 Haud
1630 816 1708 857 du-

190 867 265 910 bie
295 870 483 923 intelligi
518 871 612 911 vult
649 867 839 917 Chorus,
871 883 917 912 se
951 885 1077 924 aeque
1111 872 1272 922 dolere,
1299 887 1384 916 non
1418 878 1591 916 tantum
1612 887 1706 928 spe-

190 927 305 969 ciem
323 928 514 969 dolentis
535 928 711 969 habere.
770 925 974 982 Xenoph.
996 927 1096 982 Cyri
1129 929 1250 972 Dise.
1271 931 1360 973 viii.
1397 930 1440 980 8,
1472 931 1539 973 14.
1571 933 1706 972 ἐοίκασι

192 989 323 1026 ταῦτα
353 984 625 1033 διδασκομένοις
657 990 741 1027 etc.
813 984 862 1026 Si
897 990 1071 1028 tantum
1098 987 1344 1031 viderentur
1373 988 1532 1037 doceri,
1563 1002 1707 1043 repre-

191 1040 349 1083 hensio
369 1054 485 1083 vana
505 1047 644 1085 esset:
678 1043 754 1084 sed
773 1055 868 1084 vere
885 1041 1100 1086 docentur.
1162 1046 1233 1088 Sic
1255 1051 1299 1088 et
1320 1047 1366 1088 in
1388 1047 1574 1102 dialogis
1593 1059 1709 1102 saepe

191 1099 434 1142 infinitivus
454 1100 578 1142 verbi
598 1100 900 1142 antecedentis
921 1102 1231 1155 intelligendus
1249 1109 1332 1153 est,
1354 1105 1431 1146 ubi
1454 1104 1711 1160 simpliciter

190 1158 482 1212 respondetur
500 1159 592 1199 ’έοικε
613 1161 693 1200 aut
722 1159 790 1199 οὐκ
820 1159 927 1211 ἐὀικε,
963 1161 1127 1214 quibus
1160 1163 1303 1204 verbis
1337 1163 1504 1215 liquido
1540 1167 1584 1205 et
1617 1162 1711 1204 sine

190 1214 473 1316 duleatgone
490 1215 735 1259 affirmatur
754 1219 835 1258 aut
861 1222 1080 1272 negatur;
1113 1222 1165 1262 ut
1184 1218 1298 1264 Plat.
1328 1221 1414 1264 vol.
1437 1235 1480 1264 v.
1512 1234 1559 1277 p.
1584 1218 1653 1262 66.
1675 1232 1708 1262 s.

188 1284 241 1316 m
318 1286 357 1316 οι
392 1304 403 1317 .
424 1288 457 1317 1.

747 1366 1140 1410 ΕΠΕΡΧΕΣΘΑΙ
1147 1400 1159 1410 .

249 1440 349 1486 Hoc
366 1442 549 1485 verbum
569 1455 688 1499 saepe
719 1443 1074 1500 impersonaliter
1104 1443 1354 1497 adhibetur,
1385 1437 1437 1486 u't
1466 1444 1712 1498 intelligen-

191 1498 300 1542 dum
333 1501 392 1543 sit
427 1514 587 1544 nomen
619 1515 663 1543 V.
696 1515 731 1544 c.
765 1503 978 1558 ἐπέρχεταί
1006 1519 1072 1550 μοι
1101 1500 1216 1556 (scil.
1252 1502 1366 1544 ’ἔννοια
1399 1502 1467 1544 vel
1506 1500 1711 1557 ἐπιθυμία)

190 1561 311 1600 ποιεῖν
339 1562 469 1601 τοῦτο.
529 1558 603 1600 Sic
634 1563 679 1602 et
713 1559 969 1615 εἷσέρχεσὲαι,
1000 1558 1258 1613 ὑπέρχεσθαι,
1289 1561 1444 1609 ἐπιέναι,
1477 1563 1522 1602 et
1554 1561 1710 1600 εἰσιέναι.

190 1613 374 1658 Vertere
394 1617 505 1658 talia
535 1618 708 1658 solent:
739 1615 791 1658 in
817 1623 1000 1659 mentem
1031 1614 1189 1658 venire.
1247 1617 1397 1660 Etiam
1425 1615 1561 1665 πόθος,
1597 1615 1710 1672 ὀργὴ,

191 1673 366 1723 (addito
404 1675 602 1730 nomine)
636 1672 882 1729 εἶσέρχεσθαί
916 1691 999 1715 τινα
1033 1674 1209 1716 dicitur.
1284 1673 1385 1716 Vid.
1426 1673 1614 1718 Valken.
1655 1673 1712 1715 ad

188 1729 341 1786 Eurip.
378 1730 534 1774 Phoen.
566 1745 613 1787 p.
639 1731 740 1774 464.
818 1730 1072 1773 Hemsterh.
1101 1732 1158 1774 ad
1186 1732 1370 1775 Luciani
1411 1731 1555 1775 Prom.
1594 1746 1631 1774 c.
1665 1729 1708 1773 2.

190 1786 390 1831 Dorville
409 1790 466 1831 ad
486 1789 619 1832 Char.
637 1802 679 1832 v.
707 1788 774 1831 10.
834 1788 1004 1833 Vacare
1022 1794 1171 1832 autem
1201 1791 1376 1832 videtur
1393 1791 1483 1832 tale
1511 1791 1711 1838 verbum,

190 1847 269 1888 ubi
290 1860 378 1889 non
411 1848 677 1903 exprimitur
707 1847 922 1901 cogitatio
954 1861 983 1889 a
1016 1848 1156 1889 libero
1186 1849 1324 1890 animi
1358 1849 1585 1903 proposito
1619 1860 1710 1889 sus-

190 1909 336 1960 cepta,
359 1906 435 1947 sed
452 1909 598 1947 motus
626 1905 948 1948 involuntarius
967 1908 1011 1947 et
1030 1907 1304 1961 repentinus,
1329 1910 1381 1948 ut
1411 1903 1714 1966 admirationis

192 1965 238 2004 et
268 1961 446 2005 timoris.
506 1963 634 2005 Plato
654 1962 790 2018 Legg.
825 1964 919 2006 viii.
952 1964 1035 2006 vol.
1053 1964 1147 2006 viii.
1180 1977 1224 2019 p.
1260 1962 1362 2005 412.
1394 1962 1549 2008 εἰσῆλθε
1575 1962 1614 2003 δέ
1642 1980 1710 2012 με,

191 2019 265 2062 οἷον
284 2020 397 2069 εἰκὸς,
414 2019 644 2074 φοβηθῆναι.
704 2020 871 2063 Zosim.
893 2022 942 2063 ii.
962 2020 1034 2062 36.
1068 2019 1155 2062 Καί
1168 2039 1232 2071 μοι
1243 2022 1432 2063 πολλάκις
1452 2019 1601 2066 ἐπῆλθε
1618 2018 1715 2061 θαυ-

193 2078 334 2126 μάσαι.
392 2077 451 2120 Et
470 2081 525 2120 iv.
547 2077 616 2120 40.
647 2077 741 2121 Τοῖς
775 2079 813 2121 δὲ
846 2079 1051 2136 βαρβάροις
1081 2080 1190 2136 ἐπῄει
1210 2087 1344 2134 «γελᾷν.
1406 2078 1540 2122 Dicta
1559 2078 1709 2120 viden-

193 2139 269 2177 tur
288 2149 464 2191 prorsus
483 2137 636 2178 eodem
654 2150 783 2179 sensu
800 2137 903 2186 dici,
924 2150 1013 2191 quo
1032 2137 1172 2179 dicas:
1207 2136 1402 2191 ἐφοβήθην
1432 2136 1487 2185 δὲ,
1507 2135 1578 2178 οἷον
1594 2134 1707 2184 εἰκὸς,

194 2197 242 2235 et
269 2194 460 2236 πολλάκις
490 2193 710 2244 ἐθαύμασα.
782 2194 870 2236 Sed
907 2198 1054 2237 tamen
1083 2196 1130 2236 in
1161 2195 1231 2236 his
1266 2195 1566 2246 similibusque
1600 2194 1709 2235 locis

195 2251 280 2293 hoc
301 2253 538 2306 significari
568 2257 694 2307 puto,
723 2254 919 2294 animum
953 2253 1034 2294 tali
1069 2255 1191 2294 motu
1213 2255 1467 2300 tentatum,
1502 2251 1709 2305 deinceps

195 2309 448 2352 adhibuisse
465 2311 797 2364 cogitationem,
815 2315 858 2353 et
873 2311 926 2352 de
946 2310 1090 2351 causis
1108 2310 1296 2362 timoris,
1309 2308 1618 2350 admirationis
1633 2311 1712 2349 aut

196 2367 312 2408 alius
332 2367 580 2410 affectionis
600 2369 871 2422 quaesivisse.
900 2367 973 2410 Sic
993 2368 1040 2409 in
1057 2365 1274 2408 Lat.subz·t
1310 2365 1475 2408 mirari.
1508 2364 1712 2407 Ceterum

195 2436 373 2466 monere
410 2426 556 2477 liceat,
591 2427 729 2468 ἐπιέναι
769 2431 814 2469 et
853 2423 1087 2480 ἐπέρχεσθαι
1116 2437 1216 2466 cum
1250 2423 1342 2466 dat.
1375 2436 1575 2480 personae
1608 2436 1710 2466 con-

196 2482 326 2532 strui,
347 2485 493 2526 cetera
510 2485 753 2540 promiscue
772 2498 872 2527 cum
885 2482 972 2524 dat.
989 2486 1034 2523 et
1052 2482 1320 2525 accusativo.

711 2561 1197 2608 ΕΠΙΒΑΛΛΕΣΘΑΙ.

254 2636 441 2695 Proprie
481 2639 563 2682 hoc
601 2644 668 2683 est
701 2654 745 2683 se
773 2637 851 2694 (ad
882 2639 990 2694 rem)
1010 2637 1244 2696 applicare,
1273 2639 1366 2681 sive
1396 2636 1599 2696 incipere,
1632 2652 1709 2695 ag-

194 2695 334 2752 gredi.
394 2697 508 2741 Plat.
529 2700 577 2740 in
597 2697 818 2753 sophista,
839 2698 924 2739 vol.
945 2697 1012 2738 iii.
1034 2710 1078 2751 p.
1106 2696 1207 2739 297.
1237 2696 1486 2750 ἐφοβήθημεν
1515 2695 1616 2754 ἄρτι,
1648 2696 1709 2743 aar-»51

195 2756 444 2797 παντάπασιν
473 2756 652 2800 ἀνήνυτον
677 2756 778 2812 ἔργον
817 2753 1148 2804 ἐπιβαλλοίμεθα,
1192 2756 1396 2811 ζητοῦντες
1433 2754 1543 2795 αὐτό.
1623 2753 1710 2795 Sed

195 2824 298 2855 cum
326 2812 410 2855 inf.
430 2814 543 2855 alius
561 2813 685 2855 verbi
702 2816 999 2854 constructum
1027 2815 1204 2867 prorsus
1232 2812 1414 2854 eandem
1441 2812 1530 2853 vim
1562 2811 1712 2864 habet,

195 2882 330 2923 quam
345 2868 539 2927 ἄρχεσθαι
560 2870 606 2913 S.
632 2872 670 2914 1.
691 2869 872 2912 LucIan.
895 2869 1136 2925 Philopatr.
1159 2870 1194 2925 ξ.
1222 2869 1288 2911 16.
1349 2868 1468 2922 Οὐχὶ
1485 2870 1503 2909 ὁ
1523 2867 1627 2911 Ζεὺς
1654 2874 1710 2925 τῷ

196 2926 378 2987 Αἰγίσθῳ
405 2928 563 2985 εἴρηκεν,
591 2931 640 2974 ὡς
665 2931 921 2986 ἀποσχομένῳ
937 2929 1009 2978 μὲν
1029 2930 1100 2974 τῆς
1114 2929 1297 2983 μοιχείας
1315 2926 1380 2969 καὶ
1405 2930 1477 2972 τῆς
1493 2925 1710 2978 Ἀγαμέμ-
