1838 3164
186 158 238 185 xx
642 142 925 184 PRAEFATIO
953 138 1221 181 LEISNERI.

188 267 362 314 teriam,
391 278 446 308 ex
466 278 552 322 qua
573 265 739 321 aliquid
760 265 922 305 factum
945 267 1025 310 est,
1054 258 1312 303 denotantia
1337 264 1520 316 ponant,
1549 266 1595 306 et
1614 277 1685 308 res

187 323 306 377 ipsas
327 324 424 365 inde
442 324 582 365 factas
603 324 793 376 elliptice
813 322 1029 362 omittant.
1555 345 1559 347 -

243 379 291 421 Si
313 382 411 436 quis
431 382 558 434 plura
579 381 707 432 hujus
738 379 801 420 rei
832 378 1027 431 exempla
1046 375 1280 421 desiderat,
1311 377 1349 419 is
1369 377 1566 420 consulat
1585 377 1682 423 Jae.

185 436 468 479 Perizonium
500 438 556 479 ad
586 436 744 478 AElian.
769 433 867 476 Var.
892 433 1008 475 Hist.
1029 434 1107 474 lib.
1126 446 1169 474 x.
1190 448 1227 475 c.
1249 433 1319 475 21.
1376 434 1576 477 ,lensium
1595 434 1680 479 Lu-

176 495 299 536 ciam
316 493 433 536 Lect.
457 495 484 535 i.
521 495 563 535 8.
599 508 642 549 p.
666 494 734 534 86.
758 506 821 547 sq.
854 495 897 532 et
926 492 990 532 iii.
1013 490 1052 532 6.
1089 503 1134 545 p.
1157 489 1257 533 344.
1279 495 1324 534 et
1354 493 1401 534 in
1431 493 1604 548 epistol.
1623 495 1680 537 ad

185 550 324 593 Graev.
345 551 460 593 Lect.
484 550 584 593 Luc.
606 551 833 602 subjuncta
852 562 896 602 p.
915 547 1013 588 411.
1622 570 1625 574 f
1646 585 1648 589 ,

240 607 368 656 Quod
387 610 423 650 si
446 610 543 664 quis
562 610 614 649 de
635 608 785 650 ceteris
805 606 936 646 etiam
968 606 1193 659 ellipsibus
1215 607 1270 648 ad
1289 609 1541 651 communia
1562 623 1678 667 quae-

181 665 280 707 dam
310 679 466 720 genera
495 665 743 707 revocandis
775 664 1000 715 cogitaret,
1031 664 1070 704 is
1101 676 1327 707 numerum
1360 667 1583 720 ellipsium
1611 669 1678 710 di·

181 724 435 764 scendarum
451 725 678 770 minueret,
708 721 1008 775 memoriaeque
1027 721 1287 764 discentium
1308 725 1568 773 consuleret,
1599 726 1676 768 iis-

181 793 265 834 que
285 781 365 821 hoc
384 781 620 834 prodesset,
641 785 704 826 ut,
726 791 856 834 quum
875 790 1035 831 paucas
1055 779 1229 833 ellipses
1249 781 1521 833 didicissent,
1539 784 1675 836 pluri-

179 850 273 878 mas
293 841 439 879 tamen
456 839 627 879 scirent.
669 836 883 878 Accedant
902 835 1040 888 igitur
1060 836 1116 877 ad
1137 838 1366 880 lectionem
1387 839 1515 892 hujus
1534 840 1672 885 libelli

177 895 327 949 aliqua
349 893 509 936 Graecae
529 896 686 947 linguae
707 894 858 934 notitia
875 894 1016 939 tincti,
1048 898 1092 935 et
1125 895 1354 937 lectionem
1374 898 1468 950 ejus
1488 909 1587 939 cum
1607 899 1673 952 ip-

177 964 322 993 sorum
357 951 606 994 Graecorum
644 956 863 992 auctorum
892 951 1077 992 lectione
1115 954 1401 1006 conjungant,
1435 954 1670 1011 simulque,

177 1022 272 1063 quae
291 1010 343 1050 de
363 1010 647 1051 similitudine
676 1009 888 1062 ellipsium
920 1008 1244 1058 admonuimus,
1276 1015 1379 1052 ante
1408 1013 1554 1054 oculos
1584 1013 1671 1055 sibi

174 1070 355 1119 ponant.
417 1066 501 1113 Qui
523 1068 587 1108 ita
608 1067 686 1107 hoc
705 1066 846 1106 libello
875 1068 1069 1114 utentur,
1103 1067 1167 1108 illi
1189 1080 1274 1108 non
1296 1069 1483 1110 multum
1503 1069 1670 1115 deside-

164 1125 335 1166 rabunt
364 1125 509 1164 omnia
538 1125 731 1177 ellipsios
760 1128 834 1163 aut
868 1136 1025 1174 genera
1051 1127 1129 1164 aut
1148 1126 1362 1178 exempla.
1421 1125 1525 1168 Alia
1554 1127 1671 1169 ratio

172 1193 321 1222 eorum
341 1185 420 1227 est,
452 1182 525 1236 qui
549 1181 795 1234 hujusmodi
827 1181 984 1221 libellis
1010 1185 1219 1236 tanquam
1241 1183 1392 1224 lexicis
1413 1183 1565 1225 volunt
1583 1185 1668 1226 uti.

173 1235 267 1279 Hos
298 1238 516 1290 indignari
550 1239 694 1286 toties,
726 1252 812 1279 non
844 1241 911 1279 est
942 1238 1114 1286 mirum,
1145 1241 1317 1294 quoties
1347 1241 1392 1281 in
1425 1241 1670 1295 ellipticum

169 1295 371 1350 loquendi
402 1308 536 1348 genus
572 1297 615 1336 in
646 1297 854 1350 scriptore
879 1296 1028 1351 aliquo
1060 1297 1239 1338 obvium
1260 1298 1473 1345 incidunt,
1506 1298 1560 1339 de
1580 1312 1670 1354 quo

170 1352 242 1393 hic
262 1353 371 1393 nihil
391 1354 636 1407 expositum
659 1360 737 1394 est.
795 1353 878 1395 Sed
906 1357 1080 1408 quantae
1114 1355 1241 1396 molis
1271 1356 1496 1396 volumina
1515 1366 1668 1409 procu-

169 1410 311 1450 denda
331 1416 490 1458 essent,
512 1412 548 1451 si
572 1410 722 1458 horum
739 1413 847 1452 votis
867 1412 1140 1453 satisfactum
1159 1412 1441 1467 cuperemus!
1472 1411 1666 1456 Libellus

170 1466 240 1508 hic
260 1467 543 1508 informandae
562 1468 616 1509 ad
638 1467 831 1510 Graecam
850 1469 1113 1521 elegantiam
1126 1470 1351 1525 juventuti
1372 1471 1560 1525 scriptus
1581 1475 1666 1521 est,

166 1525 291 1577 cujus
327 1526 495 1577 generis
530 1526 662 1567 libelli
697 1530 747 1567 ut
776 1530 898 1567 extra
927 1531 1137 1580 angustos
1172 1527 1380 1570 terminos
1410 1532 1664 1581 evagentur,

166 1594 251 1622 non
273 1587 336 1623 est
355 1583 601 1624 conditione
620 1584 710 1625 ulla
729 1585 1082 1638 permittendum.
1509 1624 1511 1626 .

226 1638 311 1679 Sed
330 1640 384 1680 ad
401 1641 478 1681 has
496 1653 661 1689 causas,
690 1642 969 1695 quamobrem
998 1642 1051 1683 de
1072 1643 1154 1683 hoc
1172 1643 1285 1685 libro
1301 1643 1433 1683 nimis
1463 1644 1664 1697 augendo

165 1710 252 1737 non
273 1709 530 1751 magnopere
554 1699 814 1748 laborarem,
844 1700 1008 1742 accedit
1032 1704 1077 1742 et
1097 1701 1202 1748 alia,
1233 1703 1278 1742 et
1307 1700 1483 1753 quidem
1511 1704 1662 1754 praeci-

163 1766 267 1807 pua,
290 1755 333 1794 in
353 1768 405 1796 eo
425 1756 585 1808 posita,
605 1758 735 1809 quod,
752 1771 848 1799 cum
861 1758 974 1799 viros
997 1771 1064 1799 me
1082 1759 1210 1811 longe
1230 1759 1446 1800 doctiores
1465 1759 1661 1802 animad-

161 1811 403 1859 vertissem,
419 1826 517 1853 cum
533 1813 616 1854 sibi
637 1815 807 1868 ellipses
827 1817 987 1857 eruisse
1002 1817 1267 1863 viderentur,
1285 1816 1505 1858 interdum
1524 1817 1660 1858 offen-

162 1868 277 1909 disse
297 1874 341 1910 et
367 1870 508 1924 lapsos
538 1884 645 1919 esse,
677 1873 785 1914 mihi
805 1873 1076 1916 vehementer
1093 1874 1333 1915 cavendum
1352 1877 1570 1928 putarem,
1605 1887 1660 1917 ne

152 1926 289 1968 ,nimis
310 1927 539 1969 ambitioso
573 1929 764 1982 undique
794 1931 964 1984 ellipses
984 1931 1244 1984 congerendi
1273 1931 1418 1972 studio
1446 1932 1570 1973 fictas
1600 1933 1659 1974 el-

159 1983 294 2037 lipses
313 1996 392 2037 pro
412 1987 524 2026 veris
541 1987 772 2029 adferrem.
831 1987 961 2037 Nam,
991 1989 1109 2043 quod
1128 1989 1216 2030 illis
1245 1988 1421 2036 accidit,
1451 1990 1529 2042 qui
1557 2002 1659 2044 pro-

158 2041 325 2089 verbia,
362 2042 435 2096 qui
455 2044 564 2084 ritus
591 2048 633 2085 et
653 2045 878 2098 opiniones
897 2050 1086 2088 veterum
1107 2047 1282 2099 aliaque
1306 2046 1352 2086 id
1372 2058 1511 2098 genus
1530 2048 1658 2089 colle-

158 2102 326 2149 gerunt,
355 2103 404 2139 ut
440 2113 552 2153 saepe
586 2103 761 2143 modum
794 2105 1058 2153 excederent,
1089 2105 1313 2157 nimioque
1348 2104 1510 2151 studio,
1540 2105 1658 2158 quod

157 2156 424 2207 quaerebant,
454 2158 615 2211 ubique
636 2161 896 2208 inveniendi,
927 2174 1013 2203 non
1045 2175 1145 2203 raro
1164 2161 1483 2215 deciperentur,
1514 2174 1567 2204 ac
1584 2162 1657 2203 de-

156 2213 380 2266 ciperent3
413 2213 527 2254 idem
549 2229 603 2256 ne
624 2218 729 2258 mihi
753 2231 926 2272 quoque
952 2233 1033 2262 usu
1053 2219 1234 2267 veniret,
1263 2219 1491 2265 timebam,
1522 2219 1560 2260 si
1590 2218 1656 2261 ni-

157 2269 218 2310 hil
239 2271 461 2323 antiquius
482 2273 697 2323 habuisse,
729 2276 924 2329 nihilque
957 2282 1048 2318 tam
1078 2277 1285 2318 metuisse
1306 2276 1492 2324 viderer,
1522 2289 1655 2328 quam

156 2338 210 2366 ne
241 2327 350 2368 liber
379 2328 448 2368 hic
472 2330 601 2371 nimis
631 2332 773 2374 brevis
803 2339 928 2376 esset.
989 2333 1176 2389 Ellipses
1207 2338 1353 2375 autem
1380 2333 1502 2374 fictas
1530 2346 1653 2382 voco,

147 2396 288 2435 ,quum
306 2385 513 2426 vocabula
545 2388 745 2431 dicuntur
777 2393 935 2433 omissa
966 2405 1075 2443 esse,
1097 2405 1193 2444 quae
1213 2391 1269 2432 ad
1298 2392 1474 2445 plenam
1494 2392 1654 2433 oratio-

112 2487 114 2491 ,
154 2454 273 2488 nem,
319 2455 550 2496 sensusque
588 2446 884 2499 integritatem
922 2463 1008 2491 non
1044 2455 1147 2491 sunt
1181 2449 1443 2490 necessaria.
1522 2447 1652 2493 Tales

154 2498 276 2539 fictas
306 2500 477 2553 ellipses
505 2514 590 2543 non
625 2505 764 2546 solum
797 2507 872 2547 alii
894 2507 1008 2549 docti
1028 2507 1109 2549 viri
1132 2520 1212 2560 pro
1232 2506 1346 2547 veris
1372 2509 1416 2546 et
1447 2507 1651 2559 genuinis

150 2556 369 2596 interdum
391 2556 650 2606 habuerunt,
681 2563 755 2602 sed
771 2564 864 2616 ipse
879 2567 1011 2607 etiam
1031 2562 1184 2606 Lamb.
1206 2563 1307 2614 Bos,
1336 2563 1382 2604 id
1401 2563 1518 2615 quod
1536 2576 1653 2608 nunc

150 2614 362 2666 exemplis
380 2615 638 2666 quibusdam
658 2621 865 2672 probabo.
1090 2660 1097 2667 .

208 2669 454 2723 Antequam
474 2673 539 2712 vir
558 2674 832 2718 doctissimus
853 2677 958 2719 Lud.
976 2679 1190 2722 Kusterus
1209 2679 1405 2721 libellum
1426 2679 1652 2732 egregium

148 2726 204 2767 de
223 2740 322 2768 vcro
356 2741 436 2768 usu
472 2731 700 2773 verborum
733 2735 969 2777 mediorum
1007 2739 1118 2792 apud
1151 2737 1325 2779 Graecos
1347 2737 1507 2787 ederet,
1536 2748 1653 2791 saepe

147 2785 407 2836 contigit‚ut
423 2787 505 2826 viri
523 2791 665 2829 cetera
685 2791 843 2844 linguae
855 2791 1015 2836 Graecae
1029 2795 1288 2849 peritissimi
1306 2795 1395 2835 vim
1417 2794 1651 2835 verborum

147 2842 387 2883 mediorum
406 2855 491 2884 non
513 2846 619 2885 satis
640 2849 1047 2893 ai‘iimadverterent.
1107 2851 1156 2893 Id
1189 2852 1305 2905 quod
1325 2864 1404 2892 suo
1421 2851 1558 2896 etiam
1577 2865 1651 2894 ex-

144 2899 289 2952 emplo
309 2900 585 2943 doctissimus
614 2905 765 2946 auctor
795 2911 939 2949 noster
960 2911 1091 2949 semel
1114 2910 1359 2963 iterumque
1379 2909 1650 2963 comprobat.

144 2953 234 3000 Ubi
254 2958 374 3002 verbi
395 2970 527 3002 causa
545 2960 639 3014 agit
659 2962 711 3005 de
729 2964 870 3019 ellipsi
894 2968 1264 3021 praepositionum,
1295 2967 1374 3012 sub
1409 2965 1487 3010 ἀπὸ
1516 2967 1563 3012 in
1582 2967 1650 3011 10.-
