<?xml version="1.0" encoding="UTF-8"?>
<!DOCTYPE html PUBLIC "-//W3C//DTD XHTML 1.0 Transitional//EN"
    "http://www.w3.org/TR/xhtml1/DTD/xhtml1-transitional.dtd">
<html xmlns="http://www.w3.org/1999/xhtml" xml:lang="en" lang="en">
 <head>
  <title>
</title>
<meta http-equiv="Content-Type" content="text/html;charset=utf-8" />
  <meta name='ocr-system' content='tesseract 3.04.00' />
  <meta name='ocr-capabilities' content='ocr_page ocr_carea ocr_par ocr_line ocrx_word'/>
</head>
<body>
  <div class='ocr_page' id='page_1' title='image "./ellipsesgraecaec00bosluoft_0210.png"; bbox 0 0 1838 3164; ppageno 0'>
   <div class='ocr_carea' id='block_1_1' title="bbox 183 129 1162 182">
    <p class='ocr_par' dir='ltr' id='par_1_1' title="bbox 183 129 1162 182">
     <span class='ocr_line' id='line_1_1' title="bbox 183 129 1162 182; baseline 0.007 -8"><span class='ocrx_word' id='word_1_1' title='bbox 183 129 264 174; x_wconf 80' lang='grc'>164</span> <span class='ocrx_word' id='word_1_2' title='bbox 692 144 905 182; x_wconf 74' lang='lat' dir='ltr'>‘ELLIPSIS</span> <span class='ocrx_word' id='word_1_3' title='bbox 926 147 1162 182; x_wconf 74' lang='lat' dir='ltr'>NOMINUM.</span> 
     </span>
    </p>
   </div>
   <div class='ocr_carea' id='block_1_2' title="bbox 186 244 1707 1276">
    <p class='ocr_par' dir='ltr' id='par_1_2' title="bbox 186 244 1707 1276">
     <span class='ocr_line' id='line_1_2' title="bbox 186 244 1696 306; baseline 0.001 -19"><span class='ocrx_word' id='word_1_4' title='bbox 186 245 355 288; x_wconf 72' lang='grc' dir='ltr'>ἐνδιδόναι</span> <span class='ocrx_word' id='word_1_5' title='bbox 375 246 444 289; x_wconf 75' lang='grc' dir='ltr'>τινὶ</span> <span class='ocrx_word' id='word_1_6' title='bbox 474 249 649 296; x_wconf 82' lang='grc' dir='ltr'>μαλακόν</span> <span class='ocrx_word' id='word_1_7' title='bbox 682 266 735 299; x_wconf 79' lang='grc' dir='ltr'>τι,</span> <span class='ocrx_word' id='word_1_8' title='bbox 770 250 801 292; x_wconf 91' lang='lat' dir='ltr'>i.</span> <span class='ocrx_word' id='word_1_9' title='bbox 828 265 865 292; x_wconf 90' lang='lat' dir='ltr'>e.</span> <span class='ocrx_word' id='word_1_10' title='bbox 901 251 1094 306; x_wconf 84' lang='lat' dir='ltr'>proprie,</span> <span class='ocrx_word' id='word_1_11' title='bbox 1124 247 1250 291; x_wconf 83' lang='lat' dir='ltr'>molle</span> <span class='ocrx_word' id='word_1_12' title='bbox 1280 244 1385 303; x_wconf 78' lang='lat' dir='ltr'>quid</span> <span class='ocrx_word' id='word_1_13' title='bbox 1418 250 1457 287; x_wconf 81' lang='lat' dir='ltr'>et</span> <span class='ocrx_word' id='word_1_14' title='bbox 1481 244 1696 288; x_wconf 74' lang='lat' dir='ltr'>remissum</span> 
     </span>
     <span class='ocr_line' id='line_1_3' title="bbox 187 303 1698 363; baseline -0.001 -17"><span class='ocrx_word' id='word_1_15' title='bbox 187 303 323 347; x_wconf 72' lang='lat' dir='ltr'>alicui</span> <span class='ocrx_word' id='word_1_16' title='bbox 377 304 543 353; x_wconf 74' lang='lat' dir='ltr'>raebere,</span> <span class='ocrx_word' id='word_1_17' title='bbox 574 307 691 360; x_wconf 92' lang='lat' dir='ltr'>quod</span> <span class='ocrx_word' id='word_1_18' title='bbox 725 307 843 350; x_wconf 92' lang='lat' dir='ltr'>idem</span> <span class='ocrx_word' id='word_1_19' title='bbox 877 313 943 349; x_wconf 82' lang='lat' dir='ltr'>est</span> <span class='ocrx_word' id='word_1_20' title='bbox 975 322 1027 350; x_wconf 81' lang='lat' dir='ltr'>ac</span> <span class='ocrx_word' id='word_1_21' title='bbox 1046 322 1089 350; x_wconf 77' lang='lat' dir='ltr'>se</span> <span class='ocrx_word' id='word_1_22' title='bbox 1119 305 1258 363; x_wconf 77' lang='lat' dir='ltr'>ipsum</span> <span class='ocrx_word' id='word_1_23' title='bbox 1292 303 1456 346; x_wconf 79' lang='lat' dir='ltr'>mollem</span> <span class='ocrx_word' id='word_1_24' title='bbox 1476 317 1525 345; x_wconf 84' lang='lat' dir='ltr'>ac</span> <span class='ocrx_word' id='word_1_25' title='bbox 1552 303 1698 346; x_wconf 77' lang='lat' dir='ltr'>remis-</span> 
     </span>
     <span class='ocr_line' id='line_1_4' title="bbox 187 361 1697 419; baseline -0.002 -15"><span class='ocrx_word' id='word_1_26' title='bbox 187 374 282 404; x_wconf 75' lang='lat' dir='ltr'>sum</span> <span class='ocrx_word' id='word_1_27' title='bbox 326 407 329 411; x_wconf 60' lang='grc'>,</span> <span class='ocrx_word' id='word_1_28' title='bbox 358 361 447 405; x_wconf 79' lang='lat' dir='ltr'>icui</span> <span class='ocrx_word' id='word_1_29' title='bbox 474 362 672 419; x_wconf 70' lang='lat' dir='ltr'>praebere.</span> <span class='ocrx_word' id='word_1_30' title='bbox 732 364 783 406; x_wconf 88' lang='lat' dir='ltr'>Id</span> <span class='ocrx_word' id='word_1_31' title='bbox 802 370 949 407; x_wconf 81' lang='lat' dir='ltr'>autem</span> <span class='ocrx_word' id='word_1_32' title='bbox 969 365 1043 418; x_wconf 91' lang='lat' dir='ltr'>qui</span> <span class='ocrx_word' id='word_1_33' title='bbox 1078 365 1203 411; x_wconf 81' lang='lat' dir='ltr'>facit,</span> <span class='ocrx_word' id='word_1_34' title='bbox 1238 364 1365 404; x_wconf 83' lang='lat' dir='ltr'>alteri</span> <span class='ocrx_word' id='word_1_35' title='bbox 1397 363 1551 413; x_wconf 86' lang='lat' dir='ltr'>utique</span> <span class='ocrx_word' id='word_1_36' title='bbox 1570 361 1697 402; x_wconf 87' lang='lat' dir='ltr'>cedit.</span> 
     </span>
     <span class='ocr_line' id='line_1_5' title="bbox 189 417 1698 477; baseline -0.001 -16"><span class='ocrx_word' id='word_1_37' title='bbox 189 417 370 474; x_wconf 80' lang='lat' dir='ltr'>Integra</span> <span class='ocrx_word' id='word_1_38' title='bbox 404 421 576 474; x_wconf 87' lang='lat' dir='ltr'>phrasis</span> <span class='ocrx_word' id='word_1_39' title='bbox 603 424 722 476; x_wconf 79' lang='lat' dir='ltr'>apud</span> <span class='ocrx_word' id='word_1_40' title='bbox 741 423 1081 477; x_wconf 80' lang='lat' dir='ltr'>Aristophanem</span> <span class='ocrx_word' id='word_1_41' title='bbox 1101 421 1218 464; x_wconf 84' lang='lat' dir='ltr'>Plut.</span> <span class='ocrx_word' id='word_1_42' title='bbox 1238 420 1338 461; x_wconf 84' lang='grc'><strong>488.</strong></span> <span class='ocrx_word' id='word_1_43' title='bbox 1369 422 1413 460; x_wconf 85' lang='lat' dir='ltr'>et</span> <span class='ocrx_word' id='word_1_44' title='bbox 1442 417 1698 473; x_wconf 85' lang='lat' dir='ltr'>Euripidem</span> 
     </span>
     <span class='ocr_line' id='line_1_6' title="bbox 190 473 1700 522; baseline 0 -5"><span class='ocrx_word' id='word_1_45' title='bbox 190 474 352 520; x_wconf 88' lang='lat' dir='ltr'>Helen.</span> <span class='ocrx_word' id='word_1_46' title='bbox 386 477 485 520; x_wconf 87' lang='lat'>515.</span> <span class='ocrx_word' id='word_1_47' title='bbox 525 483 571 521; x_wconf 84' lang='lat' dir='ltr'>et</span> <span class='ocrx_word' id='word_1_48' title='bbox 606 479 877 522; x_wconf 87' lang='lat' dir='ltr'>Herodotum</span> <span class='ocrx_word' id='word_1_49' title='bbox 916 480 964 521; x_wconf 88' lang='lat' dir='ltr'>in</span> <span class='ocrx_word' id='word_1_50' title='bbox 995 478 1157 520; x_wconf 89' lang='lat' dir='ltr'>Thalia</span> <span class='ocrx_word' id='word_1_51' title='bbox 1195 491 1268 519; x_wconf 86' lang='lat' dir='ltr'>xv.</span> <span class='ocrx_word' id='word_1_52' title='bbox 1307 478 1512 518; x_wconf 83' lang='lat' dir='ltr'>occurrit.</span> <span class='ocrx_word' id='word_1_53' title='bbox 1563 473 1700 517; x_wconf 20' lang='lat' dir='ltr'>*Haec</span> 
     </span>
     <span class='ocr_line' id='line_1_7' title="bbox 192 532 1700 592; baseline -0.001 -17"><span class='ocrx_word' id='word_1_54' title='bbox 192 532 408 577; x_wconf 84' lang='lat' dir='ltr'>Kusterus</span> <span class='ocrx_word' id='word_1_55' title='bbox 428 535 489 576; x_wconf 82' lang='lat' dir='ltr'>ad</span> <span class='ocrx_word' id='word_1_56' title='bbox 505 533 815 592; x_wconf 78' lang='lat' dir='ltr'>Ar1stophanis</span> <span class='ocrx_word' id='word_1_57' title='bbox 847 537 960 579; x_wconf 81' lang='lat' dir='ltr'>Plut.</span> <span class='ocrx_word' id='word_1_58' title='bbox 981 536 1081 578; x_wconf 82' lang='lat'>488.</span> <span class='ocrx_word' id='word_1_59' title='bbox 1142 535 1312 583; x_wconf 83' lang='lat' dir='ltr'><strong>Quibus</strong></span> <span class='ocrx_word' id='word_1_60' title='bbox 1332 534 1441 575; x_wconf 83' lang='lat' dir='ltr'>adde</span> <span class='ocrx_word' id='word_1_61' title='bbox 1459 532 1700 574; x_wconf 86' lang='lat' dir='ltr'>Lucianum</span> 
     </span>
     <span class='ocr_line' id='line_1_8' title="bbox 191 589 1701 650; baseline -0.001 -19"><span class='ocrx_word' id='word_1_62' title='bbox 191 591 241 632; x_wconf 91' lang='lat' dir='ltr'>in</span> <span class='ocrx_word' id='word_1_63' title='bbox 261 589 494 641; x_wconf 84' lang='lat' dir='ltr'>Toxaride,</span> <span class='ocrx_word' id='word_1_64' title='bbox 525 595 602 646; x_wconf 90' lang='lat' dir='ltr'>qui</span> <span class='ocrx_word' id='word_1_65' title='bbox 633 595 765 637; x_wconf 84' lang='lat' dir='ltr'>habet</span> <span class='ocrx_word' id='word_1_66' title='bbox 795 594 962 636; x_wconf 75' lang='grc' dir='ltr'>ἐνδιδόναι</span> <span class='ocrx_word' id='word_1_67' title='bbox 997 594 1089 650; x_wconf 75' lang='grc' dir='ltr'>πρὸς</span> <span class='ocrx_word' id='word_1_68' title='bbox 1125 593 1196 634; x_wconf 76' lang='grc' dir='ltr'>τας</span> <span class='ocrx_word' id='word_1_69' title='bbox 1227 591 1408 640; x_wconf 69' lang='grc' dir='ltr'>πληγεὶς,</span> <span class='ocrx_word' id='word_1_70' title='bbox 1439 589 1592 632; x_wconf 77' lang='lat' dir='ltr'>ictibus</span> <span class='ocrx_word' id='word_1_71' title='bbox 1612 602 1701 631; x_wconf 77' lang='lat' dir='ltr'>suc-</span> 
     </span>
     <span class='ocr_line' id='line_1_9' title="bbox 192 647 1699 706; baseline -0.002 -16"><span class='ocrx_word' id='word_1_72' title='bbox 192 648 395 692; x_wconf 81' lang='lat' dir='ltr'>cumbere.</span> <span class='ocrx_word' id='word_1_73' title='bbox 452 648 558 692; x_wconf 91' lang='lat' dir='ltr'>Inde</span> <span class='ocrx_word' id='word_1_74' title='bbox 597 652 766 694; x_wconf 82' lang='grc' dir='ltr'>ἐνδιδόναι</span> <span class='ocrx_word' id='word_1_75' title='bbox 812 652 972 694; x_wconf 84' lang='lat' dir='ltr'>dicitur</span> <span class='ocrx_word' id='word_1_76' title='bbox 1008 650 1132 698; x_wconf 74' lang='lat' dir='ltr'>acies,</span> <span class='ocrx_word' id='word_1_77' title='bbox 1169 663 1259 706; x_wconf 79' lang='lat' dir='ltr'>quce</span> <span class='ocrx_word' id='word_1_78' title='bbox 1298 648 1547 697; x_wconf 78' lang='lat' dir='ltr'>inclinatur,</span> <span class='ocrx_word' id='word_1_79' title='bbox 1588 647 1699 688; x_wconf 91' lang='lat' dir='ltr'><strong>ibid.</strong></span> 
     </span>
     <span class='ocr_line' id='line_1_10' title="bbox 192 703 1702 762; baseline -0.001 -15"><span class='ocrx_word' id='word_1_80' title='bbox 192 703 250 748; x_wconf 82' lang='lat' dir='ltr'>Et</span> <span class='ocrx_word' id='word_1_81' title='bbox 279 714 427 750; x_wconf 78' lang='lat' dir='ltr'>ventus</span> <span class='ocrx_word' id='word_1_82' title='bbox 446 707 606 762; x_wconf 84' lang='lat' dir='ltr'>flatum</span> <span class='ocrx_word' id='word_1_83' title='bbox 623 709 836 751; x_wconf 74' lang='lat' dir='ltr'>remittens</span> <span class='ocrx_word' id='word_1_84' title='bbox 867 711 1028 752; x_wconf 84' lang='lat' dir='ltr'>dicitur</span> <span class='ocrx_word' id='word_1_85' title='bbox 1063 708 1230 749; x_wconf 76' lang='grc' dir='ltr'>ἐνδιδόναι</span> <span class='ocrx_word' id='word_1_86' title='bbox 1264 708 1320 748; x_wconf 87' lang='lat' dir='ltr'>ab</span> <span class='ocrx_word' id='word_1_87' title='bbox 1340 707 1489 748; x_wconf 91' lang='lat' dir='ltr'>eodem</span> <span class='ocrx_word' id='word_1_88' title='bbox 1507 705 1702 747; x_wconf 85' lang='lat' dir='ltr'>Luciano</span> 
     </span>
     <span class='ocr_line' id='line_1_11' title="bbox 193 762 1700 814; baseline -0.001 -9"><span class='ocrx_word' id='word_1_89' title='bbox 193 763 241 804; x_wconf 89' lang='lat' dir='ltr'>in</span> <span class='ocrx_word' id='word_1_90' title='bbox 261 762 365 806; x_wconf 89' lang='lat' dir='ltr'>Ver.</span> <span class='ocrx_word' id='word_1_91' title='bbox 389 763 510 806; x_wconf 84' lang='lat' dir='ltr'>Hist.</span> <span class='ocrx_word' id='word_1_92' title='bbox 547 770 591 807; x_wconf 81' lang='lat' dir='ltr'>et</span> <span class='ocrx_word' id='word_1_93' title='bbox 625 772 779 810; x_wconf 83' lang='lat' dir='ltr'>contra</span> <span class='ocrx_word' id='word_1_94' title='bbox 800 766 1010 814; x_wconf 76' lang='grc' dir='ltr'>ἐπιδιδόναι,</span> <span class='ocrx_word' id='word_1_95' title='bbox 1040 767 1115 808; x_wconf 92' lang='lat' dir='ltr'>ubi</span> <span class='ocrx_word' id='word_1_96' title='bbox 1137 766 1408 807; x_wconf 85' lang='lat' dir='ltr'>increbescit.</span> <span class='ocrx_word' id='word_1_97' title='bbox 1438 764 1527 805; x_wconf 86' lang='lat' dir='ltr'>vid.</span> <span class='ocrx_word' id='word_1_98' title='bbox 1556 762 1700 804; x_wconf 86' lang='lat' dir='ltr'>Jensii</span> 
     </span>
     <span class='ocr_line' id='line_1_12' title="bbox 194 818 1703 880; baseline -0.001 -17"><span class='ocrx_word' id='word_1_99' title='bbox 194 818 311 875; x_wconf 78' lang='lat' dir='ltr'>Lect.</span> <span class='ocrx_word' id='word_1_100' title='bbox 333 821 517 865; x_wconf 86' lang='lat' dir='ltr'>Lucian.</span> <span class='ocrx_word' id='word_1_101' title='bbox 548 824 615 865; x_wconf 90' lang='lat' dir='ltr'>iii.</span> <span class='ocrx_word' id='word_1_102' title='bbox 644 825 687 866; x_wconf 91' lang='lat'>3.</span> <span class='ocrx_word' id='word_1_103' title='bbox 709 838 754 880; x_wconf 93' lang='lat' dir='ltr'>p.</span> <span class='ocrx_word' id='word_1_104' title='bbox 776 824 875 866; x_wconf 82' lang='lat'>324.</span> <span class='ocrx_word' id='word_1_105' title='bbox 895 823 1064 865; x_wconf 56' lang='lat' dir='ltr'>Lmsw.</span> <span class='ocrx_word' id='word_1_106' title='bbox 1127 821 1311 864; x_wconf 82' lang='lat' dir='ltr'>Obtinet</span> <span class='ocrx_word' id='word_1_107' title='bbox 1343 834 1449 863; x_wconf 88' lang='lat' dir='ltr'>sane</span> <span class='ocrx_word' id='word_1_108' title='bbox 1471 822 1518 863; x_wconf 92' lang='lat' dir='ltr'>in</span> <span class='ocrx_word' id='word_1_109' title='bbox 1538 821 1620 862; x_wconf 87' lang='lat' dir='ltr'>hac</span> <span class='ocrx_word' id='word_1_110' title='bbox 1641 821 1703 861; x_wconf 89' lang='lat' dir='ltr'>lo-</span> 
     </span>
     <span class='ocr_line' id='line_1_13' title="bbox 193 878 1704 936; baseline -0.001 -17"><span class='ocrx_word' id='word_1_111' title='bbox 193 879 371 920; x_wconf 84' lang='lat' dir='ltr'>cutione</span> <span class='ocrx_word' id='word_1_112' title='bbox 406 880 591 934; x_wconf 84' lang='lat' dir='ltr'>ellipsis,</span> <span class='ocrx_word' id='word_1_113' title='bbox 628 882 704 923; x_wconf 87' lang='lat' dir='ltr'>sed</span> <span class='ocrx_word' id='word_1_114' title='bbox 740 882 1066 936; x_wconf 85' lang='lat' dir='ltr'>simplicissima</span> <span class='ocrx_word' id='word_1_115' title='bbox 1100 879 1179 921; x_wconf 85' lang='lat' dir='ltr'>illa</span> <span class='ocrx_word' id='word_1_116' title='bbox 1205 881 1338 933; x_wconf 91' lang='lat' dir='ltr'>inque</span> <span class='ocrx_word' id='word_1_117' title='bbox 1370 879 1516 920; x_wconf 85' lang='lat' dir='ltr'>verbis</span> <span class='ocrx_word' id='word_1_118' title='bbox 1545 878 1704 920; x_wconf 81' lang='lat' dir='ltr'>activis</span> 
     </span>
     <span class='ocr_line' id='line_1_14' title="bbox 193 934 1706 993; baseline -0.001 -16"><span class='ocrx_word' id='word_1_119' title='bbox 193 936 455 982; x_wconf 84' lang='lat' dir='ltr'>neutraliter</span> <span class='ocrx_word' id='word_1_120' title='bbox 474 937 605 979; x_wconf 85' lang='lat' dir='ltr'>dictis</span> <span class='ocrx_word' id='word_1_121' title='bbox 624 939 919 980; x_wconf 84' lang='lat' dir='ltr'>usitatissima</span> <span class='ocrx_word' id='word_1_122' title='bbox 936 938 1207 993; x_wconf 87' lang='lat' dir='ltr'>pronominis</span> <span class='ocrx_word' id='word_1_123' title='bbox 1237 937 1466 991; x_wconf 83' lang='lat' dir='ltr'>reciproci.</span> <span class='ocrx_word' id='word_1_124' title='bbox 1516 934 1706 977; x_wconf 71' lang='grc' dir='ltr'>Ἐνδοῖιναι</span> 
     </span>
     <span class='ocr_line' id='line_1_15' title="bbox 194 991 1704 1049; baseline -0.001 -15"><span class='ocrx_word' id='word_1_125' title='bbox 194 993 314 1034; x_wconf 88' lang='lat' dir='ltr'>enim</span> <span class='ocrx_word' id='word_1_126' title='bbox 348 994 524 1046; x_wconf 84' lang='lat' dir='ltr'>quoties</span> <span class='ocrx_word' id='word_1_127' title='bbox 562 994 705 1037; x_wconf 82' lang='lat' dir='ltr'>cedere</span> <span class='ocrx_word' id='word_1_128' title='bbox 734 993 866 1049; x_wconf 71' lang='grc' dir='ltr'>(εἶξαι,</span> <span class='ocrx_word' id='word_1_129' title='bbox 902 1000 952 1037; x_wconf 85' lang='lat' dir='ltr'>ut</span> <span class='ocrx_word' id='word_1_130' title='bbox 1000 995 1191 1049; x_wconf 83' lang='lat' dir='ltr'>explicat</span> <span class='ocrx_word' id='word_1_131' title='bbox 1226 993 1416 1038; x_wconf 87' lang='lat' dir='ltr'>Timaeus</span> <span class='ocrx_word' id='word_1_132' title='bbox 1450 991 1554 1036; x_wconf 85' lang='lat' dir='ltr'>Lex.</span> <span class='ocrx_word' id='word_1_133' title='bbox 1593 991 1704 1034; x_wconf 84' lang='lat' dir='ltr'>Plat.</span> 
     </span>
     <span class='ocr_line' id='line_1_16' title="bbox 193 1049 1707 1107; baseline 0.001 -17"><span class='ocrx_word' id='word_1_134' title='bbox 193 1063 237 1104; x_wconf 91' lang='lat' dir='ltr'>p.</span> <span class='ocrx_word' id='word_1_135' title='bbox 265 1050 380 1106; x_wconf 84' lang='lat'>101.)</span> <span class='ocrx_word' id='word_1_136' title='bbox 406 1051 642 1103; x_wconf 82' lang='lat' dir='ltr'>significat,</span> <span class='ocrx_word' id='word_1_137' title='bbox 672 1053 799 1107; x_wconf 91' lang='lat' dir='ltr'>plene</span> <span class='ocrx_word' id='word_1_138' title='bbox 831 1053 992 1094; x_wconf 86' lang='lat' dir='ltr'>dieitur</span> <span class='ocrx_word' id='word_1_139' title='bbox 1027 1051 1182 1092; x_wconf 80' lang='grc' dir='ltr'>ἐνδοῦναι</span> <span class='ocrx_word' id='word_1_140' title='bbox 1211 1052 1353 1092; x_wconf 76' lang='grc' dir='ltr'>ἑαυτὸν.</span> <span class='ocrx_word' id='word_1_141' title='bbox 1414 1049 1558 1091; x_wconf 87' lang='lat' dir='ltr'>Plenae</span> <span class='ocrx_word' id='word_1_142' title='bbox 1588 1049 1707 1091; x_wconf 89' lang='lat' dir='ltr'>locu-</span> 
     </span>
     <span class='ocr_line' id='line_1_17' title="bbox 193 1106 1704 1165; baseline -0.001 -16"><span class='ocrx_word' id='word_1_143' title='bbox 193 1108 329 1149; x_wconf 82' lang='lat' dir='ltr'>tionis</span> <span class='ocrx_word' id='word_1_144' title='bbox 347 1109 551 1163; x_wconf 86' lang='lat' dir='ltr'>exempla</span> <span class='ocrx_word' id='word_1_145' title='bbox 569 1112 737 1163; x_wconf 86' lang='lat' dir='ltr'>passim</span> <span class='ocrx_word' id='word_1_146' title='bbox 756 1110 901 1151; x_wconf 84' lang='lat' dir='ltr'>obvia.</span> <span class='ocrx_word' id='word_1_147' title='bbox 961 1107 1062 1150; x_wconf 91' lang='lat' dir='ltr'>Vid.</span> <span class='ocrx_word' id='word_1_148' title='bbox 1099 1106 1332 1165; x_wconf 86' lang='lat' dir='ltr'>Ruhnken.</span> <span class='ocrx_word' id='word_1_149' title='bbox 1365 1107 1421 1148; x_wconf 88' lang='lat' dir='ltr'>ad</span> <span class='ocrx_word' id='word_1_150' title='bbox 1452 1106 1568 1148; x_wconf 90' lang='lat' dir='ltr'>Tim.</span> <span class='ocrx_word' id='word_1_151' title='bbox 1602 1106 1631 1148; x_wconf 92' lang='lat' dir='ltr'>l.</span> <span class='ocrx_word' id='word_1_152' title='bbox 1666 1120 1704 1148; x_wconf 85' lang='lat' dir='ltr'>c.</span> 
     </span>
     <span class='ocr_line' id='line_1_18' title="bbox 193 1163 1707 1221; baseline 0.001 -17"><span class='ocrx_word' id='word_1_153' title='bbox 193 1163 368 1214; x_wconf 88' lang='lat' dir='ltr'>Affinis,</span> <span class='ocrx_word' id='word_1_154' title='bbox 400 1178 480 1206; x_wconf 88' lang='lat' dir='ltr'>nec</span> <span class='ocrx_word' id='word_1_155' title='bbox 497 1169 644 1208; x_wconf 87' lang='lat' dir='ltr'>tamen</span> <span class='ocrx_word' id='word_1_156' title='bbox 666 1167 797 1221; x_wconf 87' lang='lat' dir='ltr'>plane</span> <span class='ocrx_word' id='word_1_157' title='bbox 817 1167 1028 1220; x_wconf 89' lang='lat' dir='ltr'>ejusdem,</span> <span class='ocrx_word' id='word_1_158' title='bbox 1058 1166 1392 1220; x_wconf 76' lang='lat' dir='ltr'>significationis</span> <span class='ocrx_word' id='word_1_159' title='bbox 1427 1168 1492 1206; x_wconf 85' lang='lat' dir='ltr'>est</span> <span class='ocrx_word' id='word_1_160' title='bbox 1519 1164 1707 1206; x_wconf 83' lang='lat' dir='ltr'>alterum</span> 
     </span>
     <span class='ocr_line' id='line_1_19' title="bbox 195 1220 1706 1276; baseline 0 -14"><span class='ocrx_word' id='word_1_161' title='bbox 195 1222 322 1269; x_wconf 78' lang='lat' dir='ltr'>illud,</span> <span class='ocrx_word' id='word_1_162' title='bbox 343 1222 522 1270; x_wconf 78' lang='grc' dir='ltr'>μαλακὸν</span> <span class='ocrx_word' id='word_1_163' title='bbox 542 1236 576 1264; x_wconf 93' lang='lat' dir='ltr'>s.</span> <span class='ocrx_word' id='word_1_164' title='bbox 598 1222 805 1272; x_wconf 60' lang='grc' dir='ltr'>μαλθακόν</span> <span class='ocrx_word' id='word_1_165' title='bbox 827 1242 863 1265; x_wconf 85' lang='grc' dir='ltr'>τι</span> <span class='ocrx_word' id='word_1_166' title='bbox 885 1223 1057 1271; x_wconf 70' lang='grc' dir='ltr'>ἐνδοῦναι,</span> <span class='ocrx_word' id='word_1_167' title='bbox 1089 1224 1121 1264; x_wconf 88' lang='lat' dir='ltr'>i.</span> <span class='ocrx_word' id='word_1_168' title='bbox 1145 1237 1185 1265; x_wconf 89' lang='lat' dir='ltr'>e.</span> <span class='ocrx_word' id='word_1_169' title='bbox 1208 1221 1511 1276; x_wconf 60' lang='grc' dir='ltr'>μαλακίζεσθαι,</span> <span class='ocrx_word' id='word_1_170' title='bbox 1543 1220 1706 1271; x_wconf 60' lang='grc' dir='ltr'>μαλθα-</span> 
     </span>
    </p>
   </div>
   <div class='ocr_carea' id='block_1_3' title="bbox 116 1277 1706 1334">
    <p class='ocr_par' dir='ltr' id='par_1_3' title="bbox 116 1277 1706 1334">
     <span class='ocr_line' id='line_1_20' title="bbox 116 1277 1706 1334; baseline 0.003 -16"><span class='ocrx_word' id='word_1_171' title='bbox 116 1298 124 1300; x_wconf 95' lang='grc'>-</span> <span class='ocrx_word' id='word_1_172' title='bbox 193 1277 381 1332; x_wconf 61' lang='grc' dir='ltr'>κίζεσὲαι.</span> <span class='ocrx_word' id='word_1_173' title='bbox 443 1278 624 1334; x_wconf 83' lang='lat' dir='ltr'>[Jungit</span> <span class='ocrx_word' id='word_1_174' title='bbox 657 1285 889 1334; x_wconf 90' lang='lat' dir='ltr'>utrumque</span> <span class='ocrx_word' id='word_1_175' title='bbox 920 1280 1142 1323; x_wconf 85' lang='lat' dir='ltr'>Lucianus</span> <span class='ocrx_word' id='word_1_176' title='bbox 1160 1284 1192 1321; x_wconf 81' lang='lat' dir='ltr'>t.</span> <span class='ocrx_word' id='word_1_177' title='bbox 1213 1282 1244 1322; x_wconf 89' lang='lat' dir='ltr'>i.</span> <span class='ocrx_word' id='word_1_178' title='bbox 1278 1294 1322 1334; x_wconf 87' lang='lat' dir='ltr'>p.</span> <span class='ocrx_word' id='word_1_179' title='bbox 1355 1279 1454 1321; x_wconf 77' lang='lat'>763.</span> <span class='ocrx_word' id='word_1_180' title='bbox 1482 1279 1550 1320; x_wconf 77' lang='grc' dir='ltr'>καὶ</span> <span class='ocrx_word' id='word_1_181' title='bbox 1583 1278 1628 1319; x_wconf 75' lang='grc' dir='ltr'>τὸ</span> <span class='ocrx_word' id='word_1_182' title='bbox 1645 1279 1706 1328; x_wconf 71' lang='grc' dir='ltr'>μή</span> 
     </span>
    </p>
   </div>
   <div class='ocr_carea' id='block_1_4' title="bbox 193 1335 1709 1678">
    <p class='ocr_par' dir='ltr' id='par_1_4' title="bbox 193 1335 1709 1678">
     <span class='ocr_line' id='line_1_21' title="bbox 193 1335 1707 1393; baseline 0.001 -17"><span class='ocrx_word' id='word_1_183' title='bbox 193 1335 353 1378; x_wconf 72' lang='grc' dir='ltr'>ἐνδοῦναι</span> <span class='ocrx_word' id='word_1_184' title='bbox 371 1335 471 1385; x_wconf 68' lang='grc' dir='ltr'>μηδὲ</span> <span class='ocrx_word' id='word_1_185' title='bbox 489 1337 794 1386; x_wconf 59' lang='grc' dir='ltr'>μαλακισθῆναι,</span> <span class='ocrx_word' id='word_1_186' title='bbox 824 1342 987 1379; x_wconf 66' lang='grc' dir='ltr'>πολλοῖς</span> <span class='ocrx_word' id='word_1_187' title='bbox 1007 1342 1085 1380; x_wconf 81' lang='grc' dir='ltr'>τοῖς</span> <span class='ocrx_word' id='word_1_188' title='bbox 1103 1338 1298 1393; x_wconf 77' lang='grc' dir='ltr'>δυσχερέσι</span> <span class='ocrx_word' id='word_1_189' title='bbox 1319 1337 1422 1378; x_wconf 66' lang='grc' dir='ltr'>κατὰ</span> <span class='ocrx_word' id='word_1_190' title='bbox 1453 1336 1522 1379; x_wconf 76' lang='grc' dir='ltr'>τ’ἢν</span> <span class='ocrx_word' id='word_1_191' title='bbox 1553 1336 1631 1378; x_wconf 76' lang='grc' dir='ltr'>ὁδὸν</span> <span class='ocrx_word' id='word_1_192' title='bbox 1653 1339 1707 1377; x_wconf 82' lang='grc' dir='ltr'>ἐν·</span> 
     </span>
     <span class='ocr_line' id='line_1_22' title="bbox 193 1394 1704 1451; baseline 0.001 -18"><span class='ocrx_word' id='word_1_193' title='bbox 193 1394 457 1446; x_wconf 69' lang='grc' dir='ltr'>τυγχάνοντα.</span> <span class='ocrx_word' id='word_1_194' title='bbox 477 1397 529 1436; x_wconf 83' lang='lat' dir='ltr'>ut</span> <span class='ocrx_word' id='word_1_195' title='bbox 549 1395 668 1436; x_wconf 87' lang='lat' dir='ltr'>locus</span> <span class='ocrx_word' id='word_1_196' title='bbox 690 1395 1110 1451; x_wconf 83' lang='lat' dir='ltr'>interpungendus.]</span> <span class='ocrx_word' id='word_1_197' title='bbox 1170 1395 1237 1436; x_wconf 89' lang='lat' dir='ltr'>De</span> <span class='ocrx_word' id='word_1_198' title='bbox 1257 1394 1348 1436; x_wconf 74' lang='lat' dir='ltr'>hac¹</span> <span class='ocrx_word' id='word_1_199' title='bbox 1367 1394 1584 1436; x_wconf 83' lang='lat' dir='ltr'>locutione</span> <span class='ocrx_word' id='word_1_200' title='bbox 1605 1394 1704 1435; x_wconf 85' lang='lat' dir='ltr'>add.</span> 
     </span>
     <span class='ocr_line' id='line_1_23' title="bbox 195 1448 1708 1508; baseline 0.001 -17"><span class='ocrx_word' id='word_1_201' title='bbox 195 1448 461 1492; x_wconf 84' lang='lat' dir='ltr'>Valckenar.</span> <span class='ocrx_word' id='word_1_202' title='bbox 492 1451 549 1492; x_wconf 87' lang='lat' dir='ltr'>ad</span> <span class='ocrx_word' id='word_1_203' title='bbox 581 1450 792 1494; x_wconf 85' lang='lat' dir='ltr'>Herodot.</span> <span class='ocrx_word' id='word_1_204' title='bbox 827 1467 869 1508; x_wconf 90' lang='lat' dir='ltr'>p.</span> <span class='ocrx_word' id='word_1_205' title='bbox 905 1452 1007 1502; x_wconf 78' lang='lat'>250,</span> <span class='ocrx_word' id='word_1_206' title='bbox 1038 1453 1111 1495; x_wconf 81' lang='lat'>24.</span> <span class='ocrx_word' id='word_1_207' title='bbox 1144 1451 1379 1493; x_wconf 88' lang='lat' dir='ltr'>Ruhnken.</span> <span class='ocrx_word' id='word_1_208' title='bbox 1416 1452 1445 1492; x_wconf 93' lang='lat' dir='ltr'>l.</span> <span class='ocrx_word' id='word_1_209' title='bbox 1476 1464 1514 1493; x_wconf 84' lang='lat' dir='ltr'>c.</span> <span class='ocrx_word' id='word_1_210' title='bbox 1573 1449 1708 1492; x_wconf 85' lang='lat' dir='ltr'>Haud</span> 
     </span>
     <span class='ocr_line' id='line_1_24' title="bbox 195 1506 1706 1565; baseline 0.001 -17"><span class='ocrx_word' id='word_1_211' title='bbox 195 1506 347 1561; x_wconf 87' lang='lat' dir='ltr'>dispar</span> <span class='ocrx_word' id='word_1_212' title='bbox 377 1520 483 1550; x_wconf 83' lang='lat' dir='ltr'>usus</span> <span class='ocrx_word' id='word_1_213' title='bbox 517 1509 755 1551; x_wconf 86' lang='lat' dir='ltr'>locutionis</span> <span class='ocrx_word' id='word_1_214' title='bbox 783 1512 913 1565; x_wconf 68' lang='grc' dir='ltr'>πικρόν</span> <span class='ocrx_word' id='word_1_215' title='bbox 936 1527 971 1551; x_wconf 78' lang='grc' dir='ltr'>τι</span> <span class='ocrx_word' id='word_1_216' title='bbox 995 1510 1167 1552; x_wconf 73' lang='grc' dir='ltr'>ἐνδοῦναι.</span> <span class='ocrx_word' id='word_1_217' title='bbox 1227 1508 1461 1563; x_wconf 88' lang='lat' dir='ltr'>Euripides</span> <span class='ocrx_word' id='word_1_218' title='bbox 1493 1507 1706 1550; x_wconf 88' lang='lat' dir='ltr'>Androm.</span> 
     </span>
     <span class='ocr_line' id='line_1_25' title="bbox 196 1563 1709 1620; baseline 0.003 -15"><span class='ocrx_word' id='word_1_219' title='bbox 196 1577 240 1605; x_wconf 75' lang='lat' dir='ltr'>V.</span> <span class='ocrx_word' id='word_1_220' title='bbox 261 1563 361 1606; x_wconf 76' lang='lat'>223.</span> <span class='ocrx_word' id='word_1_221' title='bbox 393 1565 457 1606; x_wconf 71' lang='lat' dir='ltr'>nai</span> <span class='ocrx_word' id='word_1_222' title='bbox 476 1566 624 1614; x_wconf 73' lang='grc' dir='ltr'>μαστὸν</span> <span class='ocrx_word' id='word_1_223' title='bbox 654 1566 726 1611; x_wconf 59' lang='grc' dir='ltr'>’ἤδη</span> <span class='ocrx_word' id='word_1_224' title='bbox 760 1569 954 1608; x_wconf 71' lang='grc' dir='ltr'>πολλάκις</span> <span class='ocrx_word' id='word_1_225' title='bbox 983 1566 1115 1608; x_wconf 58' lang='grc' dir='ltr'>νόθοισι</span> <span class='ocrx_word' id='word_1_226' title='bbox 1137 1571 1211 1608; x_wconf 75' lang='grc' dir='ltr'>σοῖς</span> <span class='ocrx_word' id='word_1_227' title='bbox 1236 1566 1451 1620; x_wconf 77' lang='grc' dir='ltr'>Ἐπέσχον,</span> <span class='ocrx_word' id='word_1_228' title='bbox 1480 1565 1539 1607; x_wconf 66' lang='grc' dir='ltr'>ἰ’να</span> <span class='ocrx_word' id='word_1_229' title='bbox 1560 1583 1611 1606; x_wconf 89' lang='grc' dir='ltr'>σοι</span> <span class='ocrx_word' id='word_1_230' title='bbox 1630 1582 1709 1614; x_wconf 70' lang='grc' dir='ltr'>μη-</span> 
     </span>
     <span class='ocr_line' id='line_1_26' title="bbox 197 1620 1704 1678; baseline 0.001 -16"><span class='ocrx_word' id='word_1_231' title='bbox 197 1620 256 1663; x_wconf 84' lang='grc' dir='ltr'>δὲν</span> <span class='ocrx_word' id='word_1_232' title='bbox 277 1621 413 1665; x_wconf 74' lang='grc' dir='ltr'>ἐνδοίην</span> <span class='ocrx_word' id='word_1_233' title='bbox 431 1624 578 1678; x_wconf 68' lang='grc' dir='ltr'>πικρόν.</span> <span class='ocrx_word' id='word_1_234' title='bbox 637 1623 793 1666; x_wconf 86' lang='lat' dir='ltr'>Phrasi</span> <span class='ocrx_word' id='word_1_235' title='bbox 814 1625 1014 1666; x_wconf 91' lang='lat' dir='ltr'>nonnihil</span> <span class='ocrx_word' id='word_1_236' title='bbox 1037 1624 1270 1666; x_wconf 65' lang='lat' dir='ltr'>immutata</span> <span class='ocrx_word' id='word_1_237' title='bbox 1291 1622 1564 1665; x_wconf 75' lang='lat' dir='ltr'>Lucianust.</span> <span class='ocrx_word' id='word_1_238' title='bbox 1590 1624 1638 1664; x_wconf 92' lang='lat' dir='ltr'>ii.</span> <span class='ocrx_word' id='word_1_239' title='bbox 1664 1637 1704 1678; x_wconf 92' lang='lat' dir='ltr'>p.</span> 
     </span>
    </p>
   </div>
   <div class='ocr_carea' id='block_1_5' title="bbox 197 1678 1782 1730">
    <p class='ocr_par' dir='ltr' id='par_1_5' title="bbox 197 1678 1782 1730">
     <span class='ocr_line' id='line_1_27' title="bbox 197 1678 1782 1730; baseline 0.001 -10"><span class='ocrx_word' id='word_1_240' title='bbox 197 1678 269 1720; x_wconf 83' lang='lat'>93.</span> <span class='ocrx_word' id='word_1_241' title='bbox 296 1681 488 1726; x_wconf 74' lang='grc' dir='ltr'>μαλακῶς</span> <span class='ocrx_word' id='word_1_242' title='bbox 519 1679 715 1723; x_wconf 74' lang='grc' dir='ltr'>ἐνδιδόντος</span> <span class='ocrx_word' id='word_1_243' title='bbox 745 1687 811 1724; x_wconf 77' lang='grc' dir='ltr'>τοῦ</span> <span class='ocrx_word' id='word_1_244' title='bbox 840 1685 1074 1730; x_wconf 68' lang='grc' dir='ltr'>πνεύματος.</span> <span class='ocrx_word' id='word_1_245' title='bbox 1106 1683 1182 1724; x_wconf 90' lang='lat' dir='ltr'>ubi</span> <span class='ocrx_word' id='word_1_246' title='bbox 1218 1683 1325 1723; x_wconf 78' lang='lat' dir='ltr'>item</span> <span class='ocrx_word' id='word_1_247' title='bbox 1361 1680 1708 1723; x_wconf 85' lang='lat' dir='ltr'>subaudiendum</span> <span class='ocrx_word' id='word_1_248' title='bbox 1772 1697 1782 1701; x_wconf 69' lang='grc'><strong>“</strong></span> 
     </span>
    </p>
   </div>
   <div class='ocr_carea' id='block_1_6' title="bbox 198 1736 559 1780">
    <p class='ocr_par' dir='ltr' id='par_1_6' title="bbox 198 1736 559 1780">
     <span class='ocr_line' id='line_1_28' title="bbox 198 1736 559 1780; baseline 0.008 -3"><span class='ocrx_word' id='word_1_249' title='bbox 198 1738 327 1779; x_wconf 80' lang='grc' dir='ltr'>ἑαυτό.</span> <span class='ocrx_word' id='word_1_250' title='bbox 356 1736 559 1780; x_wconf 59' lang='lat' dir='ltr'>Souna-r.</span> 
     </span>
    </p>
   </div>
   <div class='ocr_carea' id='block_1_7' title="bbox 547 1819 1364 1870">
    <p class='ocr_par' dir='ltr' id='par_1_7' title="bbox 547 1819 1364 1870">
     <span class='ocr_line' id='line_1_29' title="bbox 547 1819 1364 1870; baseline 0.005 -10"><span class='ocrx_word' id='word_1_251' title='bbox 547 1819 574 1845; x_wconf 40' lang='grc' dir='ltr'>*ὲ</span> <span class='ocrx_word' id='word_1_252' title='bbox 605 1819 966 1870; x_wconf 87' lang='grc' dir='ltr'>ΜΑΝΤΕΙΟΝ,</span> <span class='ocrx_word' id='word_1_253' title='bbox 1014 1821 1250 1864; x_wconf 83' lang='lat' dir='ltr'>ORACUL</span> <span class='ocrx_word' id='word_1_254' title='bbox 1259 1820 1364 1864; x_wconf 90' lang='lat' dir='ltr'>UM.</span> 
     </span>
    </p>
   </div>
   <div class='ocr_carea' id='block_1_8' title="bbox 196 1890 1714 2981">
    <p class='ocr_par' dir='ltr' id='par_1_8' title="bbox 256 1890 1657 1950">
     <span class='ocr_line' id='line_1_30' title="bbox 256 1890 1657 1950; baseline 0.002 -18"><span class='ocrx_word' id='word_1_255' title='bbox 256 1890 307 1940; x_wconf 86' lang='lat' dir='ltr'>In</span> <span class='ocrx_word' id='word_1_256' title='bbox 326 1892 498 1942; x_wconf 60' lang='lat' dir='ltr'>Aieyefov,</span> <span class='ocrx_word' id='word_1_257' title='bbox 520 1893 576 1934; x_wconf 89' lang='lat' dir='ltr'>de</span> <span class='ocrx_word' id='word_1_258' title='bbox 593 1906 682 1946; x_wconf 90' lang='lat' dir='ltr'>quo</span> <span class='ocrx_word' id='word_1_259' title='bbox 702 1893 966 1950; x_wconf 82' lang='lat' dir='ltr'>Harpocrat.</span> <span class='ocrx_word' id='word_1_260' title='bbox 983 1899 1028 1938; x_wconf 84' lang='lat' dir='ltr'>et</span> <span class='ocrx_word' id='word_1_261' title='bbox 1047 1897 1147 1937; x_wconf 87' lang='lat' dir='ltr'>aliis</span> <span class='ocrx_word' id='word_1_262' title='bbox 1165 1897 1345 1938; x_wconf 83' lang='lat' dir='ltr'>talibus.</span> <span class='ocrx_word' id='word_1_263' title='bbox 1378 1894 1657 1948; x_wconf 70' lang='lat' dir='ltr'>Sononrrs.l</span> 
     </span>
    </p>

    <p class='ocr_par' dir='ltr' id='par_1_9' title="bbox 198 1949 1708 2121">
     <span class='ocr_line' id='line_1_31' title="bbox 252 1949 1708 2008; baseline 0.002 -18"><span class='ocrx_word' id='word_1_264' title='bbox 252 1949 281 1975; x_wconf 65' lang='lat'>³¹⁸</span> <span class='ocrx_word' id='word_1_265' title='bbox 301 1949 621 2005; x_wconf 79' lang='lat' dir='ltr'>Aristophanes</span> <span class='ocrx_word' id='word_1_266' title='bbox 659 1952 779 1994; x_wconf 89' lang='lat' dir='ltr'>Nub.</span> <span class='ocrx_word' id='word_1_267' title='bbox 816 1951 912 1994; x_wconf 84' lang='lat'>508.</span> <span class='ocrx_word' id='word_1_268' title='bbox 958 1951 1030 1994; x_wconf 87' lang='grc' dir='ltr'>Ἐς</span> <span class='ocrx_word' id='word_1_269' title='bbox 1057 1951 1288 2008; x_wconf 78' lang='grc' dir='ltr'>Τροφωνίου,</span> <span class='ocrx_word' id='word_1_270' title='bbox 1333 1955 1489 2008; x_wconf 87' lang='lat' dir='ltr'>supple</span> <span class='ocrx_word' id='word_1_271' title='bbox 1518 1955 1708 2002; x_wconf 79' lang='grc' dir='ltr'>μαντεῖον.</span> 
     </span>
     <span class='ocr_line' id='line_1_32' title="bbox 198 2004 1706 2065; baseline 0.003 -18"><span class='ocrx_word' id='word_1_272' title='bbox 198 2004 345 2048; x_wconf 80' lang='lat' dir='ltr'>Etiam</span> <span class='ocrx_word' id='word_1_273' title='bbox 365 2007 411 2048; x_wconf 91' lang='lat' dir='ltr'>in</span> <span class='ocrx_word' id='word_1_274' title='bbox 434 2008 562 2057; x_wconf 69' lang='grc' dir='ltr'>Λόγια</span> <span class='ocrx_word' id='word_1_275' title='bbox 581 2009 704 2051; x_wconf 83' lang='lat' dir='ltr'>deest</span> <span class='ocrx_word' id='word_1_276' title='bbox 722 2014 886 2058; x_wconf 75' lang='grc' dir='ltr'>μαντεῖα</span> <span class='ocrx_word' id='word_1_277' title='bbox 902 2011 1017 2065; x_wconf 82' lang='lat' dir='ltr'>apud</span> <span class='ocrx_word' id='word_1_278' title='bbox 1038 2008 1188 2052; x_wconf 81' lang='lat' dir='ltr'>Aristo</span> <span class='ocrx_word' id='word_1_279' title='bbox 1222 2012 1380 2052; x_wconf 86' lang='lat' dir='ltr'>hanem</span> <span class='ocrx_word' id='word_1_280' title='bbox 1396 2010 1544 2065; x_wconf 84' lang='lat' dir='ltr'>Equit.</span> <span class='ocrx_word' id='word_1_281' title='bbox 1586 2009 1706 2053; x_wconf 79' lang='lat'>1012.</span> 
     </span>
     <span class='ocr_line' id='line_1_33' title="bbox 200 2062 1564 2121; baseline 0.005 -17"><span class='ocrx_word' id='word_1_282' title='bbox 200 2067 247 2105; x_wconf 83' lang='lat' dir='ltr'>et</span> <span class='ocrx_word' id='word_1_283' title='bbox 266 2062 521 2119; x_wconf 88' lang='lat' dir='ltr'>Euripidem</span> <span class='ocrx_word' id='word_1_284' title='bbox 542 2066 759 2109; x_wconf 86' lang='lat' dir='ltr'>Phoeniss.</span> <span class='ocrx_word' id='word_1_285' title='bbox 783 2066 881 2109; x_wconf 81' lang='lat'>914.</span> <span class='ocrx_word' id='word_1_286' title='bbox 899 2069 945 2108; x_wconf 90' lang='lat' dir='ltr'>in</span> <span class='ocrx_word' id='word_1_287' title='bbox 967 2066 1159 2121; x_wconf 59' lang='grc' dir='ltr'>θέσφατα.</span> <span class='ocrx_word' id='word_1_288' title='bbox 1230 2082 1355 2110; x_wconf 76' lang='lat' dir='ltr'>msN.</span> <span class='ocrx_word' id='word_1_289' title='bbox 1551 2065 1564 2075; x_wconf 69' lang='lat'><strong>⁴</strong></span> 
     </span>
    </p>

    <p class='ocr_par' dir='ltr' id='par_1_10' title="bbox 202 2120 1710 2276">
     <span class='ocr_line' id='line_1_34' title="bbox 257 2120 1710 2180; baseline 0.003 -18"><span class='ocrx_word' id='word_1_290' title='bbox 257 2120 285 2147; x_wconf 62' lang='lat'>*²</span> <span class='ocrx_word' id='word_1_291' title='bbox 314 2122 634 2177; x_wconf 81' lang='lat' dir='ltr'>Aristophanes</span> <span class='ocrx_word' id='word_1_292' title='bbox 661 2123 807 2180; x_wconf 67' lang='lat' dir='ltr'>Eqmt.</span> <span class='ocrx_word' id='word_1_293' title='bbox 828 2138 870 2166; x_wconf 82' lang='lat' dir='ltr'>V.</span> <span class='ocrx_word' id='word_1_294' title='bbox 898 2124 997 2166; x_wconf 78' lang='lat'>220.</span> <span class='ocrx_word' id='word_1_295' title='bbox 1026 2128 1209 2180; x_wconf 60' lang='grc' dir='ltr'>’χρησμοί</span> <span class='ocrx_word' id='word_1_296' title='bbox 1228 2143 1269 2166; x_wconf 80' lang='grc' dir='ltr'>τε</span> <span class='ocrx_word' id='word_1_297' title='bbox 1289 2127 1549 2175; x_wconf 79' lang='grc' dir='ltr'>συμβαίνουσι,</span> <span class='ocrx_word' id='word_1_298' title='bbox 1579 2125 1644 2166; x_wconf 78' lang='grc' dir='ltr'>καὶ</span> <span class='ocrx_word' id='word_1_299' title='bbox 1665 2126 1710 2166; x_wconf 75' lang='grc' dir='ltr'>τὸ</span> 
     </span>
     <span class='ocr_line' id='line_1_35' title="bbox 202 2176 1710 2276; baseline 0.004 -59"><span class='ocrx_word' id='word_1_300' title='bbox 202 2176 392 2276; x_wconf 58' lang='grc' dir='ltr'>Ιδῖυὲικόν.</span> <span class='ocrx_word' id='word_1_301' title='bbox 421 2181 497 2222; x_wconf 86' lang='lat' dir='ltr'>ubi</span> <span class='ocrx_word' id='word_1_302' title='bbox 522 2180 792 2224; x_wconf 73' lang='lat' dir='ltr'>Brunckiusz</span> <span class='ocrx_word' id='word_1_303' title='bbox 828 2189 859 2207; x_wconf 70' lang='lat'>‘⁶</span> <span class='ocrx_word' id='word_1_304' title='bbox 890 2183 942 2223; x_wconf 79' lang='grc' dir='ltr'>’τὸ</span> <span class='ocrx_word' id='word_1_305' title='bbox 978 2181 1168 2231; x_wconf 59' lang='grc' dir='ltr'>Πυθικὸν,</span> <span class='ocrx_word' id='word_1_306' title='bbox 1199 2184 1460 2225; x_wconf 79' lang='lat' dir='ltr'>subauditur</span> <span class='ocrx_word' id='word_1_307' title='bbox 1488 2183 1710 2231; x_wconf 79' lang='grc' dir='ltr'>μαντεῖον.”</span> 
     </span>
    </p>

    <p class='ocr_par' dir='ltr' id='par_1_11' title="bbox 239 2250 405 2278">
     <span class='ocr_line' id='line_1_36' title="bbox 239 2250 405 2278; baseline 0.012 -2"><span class='ocrx_word' id='word_1_308' title='bbox 239 2250 405 2278; x_wconf 76' lang='lat' dir='ltr'>cHAEF.</span> 
     </span>
    </p>

    <p class='ocr_par' dir='ltr' id='par_1_12' title="bbox 196 2292 1714 2981">
     <span class='ocr_line' id='line_1_37' title="bbox 262 2292 1710 2353; baseline 0.003 -19"><span class='ocrx_word' id='word_1_309' title='bbox 262 2294 287 2319; x_wconf 81' lang='lat'><em>*</em></span> <span class='ocrx_word' id='word_1_310' title='bbox 317 2292 369 2335; x_wconf 94' lang='lat' dir='ltr'>In</span> <span class='ocrx_word' id='word_1_311' title='bbox 390 2297 546 2344; x_wconf 83' lang='grc' dir='ltr'>α’νελεῖν,</span> <span class='ocrx_word' id='word_1_312' title='bbox 576 2296 751 2350; x_wconf 78' lang='lat' dir='ltr'>quando</span> <span class='ocrx_word' id='word_1_313' title='bbox 786 2298 986 2340; x_wconf 86' lang='lat' dir='ltr'>absolute</span> <span class='ocrx_word' id='word_1_314' title='bbox 1017 2298 1211 2353; x_wconf 89' lang='lat' dir='ltr'>ponitur.</span> <span class='ocrx_word' id='word_1_315' title='bbox 1275 2297 1526 2339; x_wconf 85' lang='lat' dir='ltr'>Herodotus</span> <span class='ocrx_word' id='word_1_316' title='bbox 1551 2296 1628 2337; x_wconf 90' lang='lat' dir='ltr'>lib.</span> <span class='ocrx_word' id='word_1_317' title='bbox 1651 2296 1710 2338; x_wconf 86' lang='lat' dir='ltr'>ii.</span> 
     </span>
     <span class='ocr_line' id='line_1_38' title="bbox 201 2350 1711 2412; baseline 0.002 -21"><span class='ocrx_word' id='word_1_318' title='bbox 201 2362 301 2405; x_wconf 83' lang='lat' dir='ltr'>cap.</span> <span class='ocrx_word' id='word_1_319' title='bbox 327 2350 418 2392; x_wconf 85' lang='lat'>139.</span> <span class='ocrx_word' id='word_1_320' title='bbox 441 2355 615 2408; x_wconf 83' lang='lat' dir='ltr'>supplet</span> <span class='ocrx_word' id='word_1_321' title='bbox 634 2357 756 2396; x_wconf 71' lang='grc' dir='ltr'>ἀνεῖλε</span> <span class='ocrx_word' id='word_1_322' title='bbox 778 2355 822 2396; x_wconf 77' lang='grc' dir='ltr'>τὸ</span> <span class='ocrx_word' id='word_1_323' title='bbox 841 2356 1040 2404; x_wconf 74' lang='grc' dir='ltr'>μαντήϊον.</span> <span class='ocrx_word' id='word_1_324' title='bbox 1061 2354 1280 2412; x_wconf 75' lang='lat' dir='ltr'>respon-dit</span> <span class='ocrx_word' id='word_1_325' title='bbox 1300 2354 1529 2397; x_wconf 79' lang='lat' dir='ltr'>oraculum.</span> <span class='ocrx_word' id='word_1_326' title='bbox 1589 2351 1711 2395; x_wconf 88' lang='lat' dir='ltr'>Idem</span> 
     </span>
     <span class='ocr_line' id='line_1_39' title="bbox 203 2407 1714 2469; baseline 0.004 -22"><span class='ocrx_word' id='word_1_327' title='bbox 203 2407 281 2448; x_wconf 83' lang='lat' dir='ltr'>lib.</span> <span class='ocrx_word' id='word_1_328' title='bbox 306 2409 336 2448; x_wconf 87' lang='lat' dir='ltr'>i.</span> <span class='ocrx_word' id='word_1_329' title='bbox 363 2408 428 2450; x_wconf 87' lang='lat'>13.</span> <span class='ocrx_word' id='word_1_330' title='bbox 449 2408 533 2452; x_wconf 55' lang='lat' dir='ltr'>&#39;‘Hv</span> <span class='ocrx_word' id='word_1_331' title='bbox 551 2413 622 2459; x_wconf 82' lang='grc' dir='ltr'>μὲν</span> <span class='ocrx_word' id='word_1_332' title='bbox 641 2411 685 2452; x_wconf 75' lang='grc' dir='ltr'>τὸ</span> <span class='ocrx_word' id='word_1_333' title='bbox 712 2413 941 2468; x_wconf 68' lang='grc' dir='ltr'>χρηστήριον</span> <span class='ocrx_word' id='word_1_334' title='bbox 961 2415 1092 2469; x_wconf 72' lang='grc' dir='ltr'>ἀνέλῃ.</span> <span class='ocrx_word' id='word_1_335' title='bbox 1154 2412 1235 2455; x_wconf 80' lang='lat' dir='ltr'>Uti</span> <span class='ocrx_word' id='word_1_336' title='bbox 1255 2413 1313 2464; x_wconf 74' lang='grc' dir='ltr'>τὸ,</span> <span class='ocrx_word' id='word_1_337' title='bbox 1342 2411 1606 2469; x_wconf 71' lang='lat' dir='ltr'>respondere,</span> <span class='ocrx_word' id='word_1_338' title='bbox 1638 2412 1714 2453; x_wconf 85' lang='lat' dir='ltr'>ab·</span> 
     </span>
     <span class='ocr_line' id='line_1_40' title="bbox 204 2465 1710 2525; baseline 0.003 -21"><span class='ocrx_word' id='word_1_339' title='bbox 204 2465 344 2506; x_wconf 87' lang='lat' dir='ltr'>solute</span> <span class='ocrx_word' id='word_1_340' title='bbox 374 2468 552 2520; x_wconf 80' lang='lat' dir='ltr'>ponitur</span> <span class='ocrx_word' id='word_1_341' title='bbox 576 2470 712 2511; x_wconf 82' lang='lat' dir='ltr'>etiam</span> <span class='ocrx_word' id='word_1_342' title='bbox 743 2470 861 2524; x_wconf 84' lang='lat' dir='ltr'>apud</span> <span class='ocrx_word' id='word_1_343' title='bbox 895 2469 1092 2512; x_wconf 85' lang='lat' dir='ltr'>Latinos.</span> <span class='ocrx_word' id='word_1_344' title='bbox 1124 2484 1166 2512; x_wconf 88' lang='lat' dir='ltr'>v.</span> <span class='ocrx_word' id='word_1_345' title='bbox 1191 2470 1316 2525; x_wconf 84' lang='grc' dir='ltr'><em>Θεὸς.</em></span> <span class='ocrx_word' id='word_1_346' title='bbox 1342 2470 1572 2512; x_wconf 69' lang='grc' dir='ltr'>ΞοΗννΕΒ.</span> <span class='ocrx_word' id='word_1_347' title='bbox 1617 2468 1710 2510; x_wconf 92' lang='lat' dir='ltr'>Ali-</span> 
     </span>
     <span class='ocr_line' id='line_1_41' title="bbox 203 2521 1710 2583; baseline 0.003 -21"><span class='ocrx_word' id='word_1_348' title='bbox 203 2525 272 2563; x_wconf 84' lang='lat' dir='ltr'>ter</span> <span class='ocrx_word' id='word_1_349' title='bbox 289 2521 523 2578; x_wconf 87' lang='lat' dir='ltr'>Euripides</span> <span class='ocrx_word' id='word_1_350' title='bbox 543 2524 685 2581; x_wconf 83' lang='lat' dir='ltr'>Iphig.</span> <span class='ocrx_word' id='word_1_351' title='bbox 723 2526 823 2568; x_wconf 89' lang='lat' dir='ltr'>Aul.</span> <span class='ocrx_word' id='word_1_352' title='bbox 845 2542 884 2569; x_wconf 89' lang='lat' dir='ltr'>v.</span> <span class='ocrx_word' id='word_1_353' title='bbox 903 2527 973 2569; x_wconf 82' lang='lat'>89.</span> <span class='ocrx_word' id='word_1_354' title='bbox 1007 2524 1189 2582; x_wconf 63' lang='grc' dir='ltr'>Κάλχαὲ</span> <span class='ocrx_word' id='word_1_355' title='bbox 1207 2528 1240 2568; x_wconf 85' lang='grc' dir='ltr'>δ’</span> <span class='ocrx_word' id='word_1_356' title='bbox 1272 2531 1289 2568; x_wconf 82' lang='grc' dir='ltr'>ὁ</span> <span class='ocrx_word' id='word_1_357' title='bbox 1322 2529 1461 2576; x_wconf 67' lang='grc' dir='ltr'>μάντις</span> <span class='ocrx_word' id='word_1_358' title='bbox 1490 2527 1629 2583; x_wconf 70' lang='grc' dir='ltr'>α’«πορίᾳ</span> <span class='ocrx_word' id='word_1_359' title='bbox 1649 2543 1710 2567; x_wconf 83' lang='grc' dir='ltr'>κε-</span> 
     </span>
     <span class='ocr_line' id='line_1_42' title="bbox 204 2580 1710 2640; baseline 0.001 -18"><span class='ocrx_word' id='word_1_360' title='bbox 204 2580 610 2636; x_wconf 67' lang='grc' dir='ltr'>χρημένοιςἈνεῗλεν.</span> <span class='ocrx_word' id='word_1_361' title='bbox 672 2582 926 2627; x_wconf 58' lang='lat' dir='ltr'>Herodotus</span> <span class='ocrx_word' id='word_1_362' title='bbox 958 2585 1017 2627; x_wconf 86' lang='lat' dir='ltr'>vi.</span> <span class='ocrx_word' id='word_1_363' title='bbox 1050 2599 1147 2640; x_wconf 75' lang='lat' dir='ltr'>cap.</span> <span class='ocrx_word' id='word_1_364' title='bbox 1185 2585 1254 2627; x_wconf 80' lang='grc'><strong>69.</strong></span> <span class='ocrx_word' id='word_1_365' title='bbox 1288 2588 1319 2626; x_wconf 83' lang='grc' dir='ltr'>οἶ</span> <span class='ocrx_word' id='word_1_366' title='bbox 1337 2587 1491 2636; x_wconf 57' lang='grc' dir='ltr'>μάντιες</span> <span class='ocrx_word' id='word_1_367' title='bbox 1510 2585 1573 2626; x_wconf 74' lang='grc' dir='ltr'>τὸν</span> <span class='ocrx_word' id='word_1_368' title='bbox 1595 2583 1710 2624; x_wconf 75' lang='grc' dir='ltr'>αὐτὸν</span> 
     </span>
     <span class='ocr_line' id='line_1_43' title="bbox 206 2638 1709 2697; baseline 0.005 -22"><span class='ocrx_word' id='word_1_369' title='bbox 206 2641 337 2677; x_wconf 72' lang='grc' dir='ltr'>τοῦτον</span> <span class='ocrx_word' id='word_1_370' title='bbox 368 2638 471 2692; x_wconf 63' lang='grc' dir='ltr'>’ἥρωα</span> <span class='ocrx_word' id='word_1_371' title='bbox 489 2643 649 2696; x_wconf 67' lang='grc' dir='ltr'>ἀναίρεον</span> <span class='ocrx_word' id='word_1_372' title='bbox 683 2639 784 2682; x_wconf 67' lang='grc' dir='ltr'>εῖναι.</span> <span class='ocrx_word' id='word_1_373' title='bbox 846 2643 930 2683; x_wconf 80' lang='lat' dir='ltr'>Sed</span> <span class='ocrx_word' id='word_1_374' title='bbox 952 2644 1128 2696; x_wconf 79' lang='lat' dir='ltr'>quando</span> <span class='ocrx_word' id='word_1_375' title='bbox 1148 2645 1347 2685; x_wconf 76' lang='lat' dir='ltr'>absolute</span> <span class='ocrx_word' id='word_1_376' title='bbox 1383 2643 1576 2697; x_wconf 77' lang='lat' dir='ltr'>ponitur,</span> <span class='ocrx_word' id='word_1_377' title='bbox 1608 2641 1709 2681; x_wconf 73' lang='lat' dir='ltr'>Sim-</span> 
     </span>
     <span class='ocr_line' id='line_1_44' title="bbox 204 2693 1711 2755; baseline 0.004 -22"><span class='ocrx_word' id='word_1_378' title='bbox 204 2693 366 2747; x_wconf 85' lang='lat' dir='ltr'>plicius</span> <span class='ocrx_word' id='word_1_379' title='bbox 394 2697 683 2739; x_wconf 71' lang='lat' dir='ltr'>subaudias-{2</span> <span class='ocrx_word' id='word_1_380' title='bbox 713 2697 811 2740; x_wconf 63' lang='grc' dir='ltr'><strong>θεός.</strong></span> <span class='ocrx_word' id='word_1_381' title='bbox 873 2699 1086 2754; x_wconf 82' lang='lat' dir='ltr'>Exempla</span> <span class='ocrx_word' id='word_1_382' title='bbox 1120 2702 1261 2755; x_wconf 79' lang='lat' dir='ltr'>plenae</span> <span class='ocrx_word' id='word_1_383' title='bbox 1295 2701 1527 2741; x_wconf 87' lang='lat' dir='ltr'>locutionis</span> <span class='ocrx_word' id='word_1_384' title='bbox 1546 2699 1711 2740; x_wconf 82' lang='lat' dir='ltr'>habent</span> 
     </span>
     <span class='ocr_line' id='line_1_45' title="bbox 204 2750 1706 2810; baseline 0.003 -19"><span class='ocrx_word' id='word_1_385' title='bbox 204 2750 424 2792; x_wconf 83' lang='lat' dir='ltr'>Arnaldus</span> <span class='ocrx_word' id='word_1_386' title='bbox 445 2752 565 2799; x_wconf 68' lang='lat' dir='ltr'>Lect.</span> <span class='ocrx_word' id='word_1_387' title='bbox 591 2755 731 2796; x_wconf 80' lang='lat' dir='ltr'>Graec.</span> <span class='ocrx_word' id='word_1_388' title='bbox 764 2770 809 2810; x_wconf 87' lang='lat' dir='ltr'>p.</span> <span class='ocrx_word' id='word_1_389' title='bbox 837 2757 899 2798; x_wconf 80' lang='lat'>13.</span> <span class='ocrx_word' id='word_1_390' title='bbox 959 2757 1156 2799; x_wconf 85' lang='lat' dir='ltr'>Graevius</span> <span class='ocrx_word' id='word_1_391' title='bbox 1194 2759 1250 2799; x_wconf 84' lang='lat' dir='ltr'>ad</span> <span class='ocrx_word' id='word_1_392' title='bbox 1283 2756 1464 2798; x_wconf 75' lang='lat' dir='ltr'>Liieian.</span> <span class='ocrx_word' id='word_1_393' title='bbox 1497 2761 1529 2797; x_wconf 91' lang='lat' dir='ltr'>t.</span> <span class='ocrx_word' id='word_1_394' title='bbox 1567 2757 1633 2797; x_wconf 89' lang='lat' dir='ltr'>iii.</span> <span class='ocrx_word' id='word_1_395' title='bbox 1666 2769 1706 2810; x_wconf 90' lang='lat' dir='ltr'>p.</span> 
     </span>
     <span class='ocr_line' id='line_1_46' title="bbox 202 2807 1710 2870; baseline 0.005 -23"><span class='ocrx_word' id='word_1_396' title='bbox 202 2807 301 2848; x_wconf 83' lang='lat'>577.</span> <span class='ocrx_word' id='word_1_397' title='bbox 362 2808 578 2853; x_wconf 81' lang='lat' dir='ltr'>Similiter</span> <span class='ocrx_word' id='word_1_398' title='bbox 613 2813 861 2855; x_wconf 85' lang='lat' dir='ltr'>Antoninus</span> <span class='ocrx_word' id='word_1_399' title='bbox 893 2814 1038 2856; x_wconf 84' lang='lat' dir='ltr'>Liber.</span> <span class='ocrx_word' id='word_1_400' title='bbox 1073 2829 1169 2870; x_wconf 85' lang='lat' dir='ltr'>cap.</span> <span class='ocrx_word' id='word_1_401' title='bbox 1203 2818 1234 2857; x_wconf 89' lang='lat' dir='ltr'>i.</span> <span class='ocrx_word' id='word_1_402' title='bbox 1261 2829 1305 2869; x_wconf 88' lang='lat' dir='ltr'>p.</span> <span class='ocrx_word' id='word_1_403' title='bbox 1331 2808 1401 2855; x_wconf 67' lang='lat'>10!</span> <span class='ocrx_word' id='word_1_404' title='bbox 1459 2813 1654 2869; x_wconf 78' lang='grc' dir='ltr'>Χρωμένῳ</span> <span class='ocrx_word' id='word_1_405' title='bbox 1676 2812 1710 2852; x_wconf 77' lang='grc' dir='ltr'>δ’</span> 
     </span>
     <span class='ocr_line' id='line_1_47' title="bbox 196 2863 1707 2925; baseline 0.005 -21"><span class='ocrx_word' id='word_1_406' title='bbox 196 2863 438 2922; x_wconf 67' lang='grc' dir='ltr'>“Ερμοχα’ρει</span> <span class='ocrx_word' id='word_1_407' title='bbox 461 2870 478 2907; x_wconf 85' lang='grc' dir='ltr'>ὁ</span> <span class='ocrx_word' id='word_1_408' title='bbox 500 2867 585 2910; x_wconf 61' lang='grc' dir='ltr'>θεὸς</span> <span class='ocrx_word' id='word_1_409' title='bbox 606 2874 749 2911; x_wconf 77' lang='grc' dir='ltr'>α’νεῖπεν</span> <span class='ocrx_word' id='word_1_410' title='bbox 766 2889 804 2911; x_wconf 84' lang='grc' dir='ltr'><strong>κ.</strong></span> <span class='ocrx_word' id='word_1_411' title='bbox 834 2889 872 2911; x_wconf 78' lang='grc' dir='ltr'><strong>τ.</strong></span> <span class='ocrx_word' id='word_1_412' title='bbox 896 2880 935 2912; x_wconf 86' lang='grc' dir='ltr'>λ.</span> <span class='ocrx_word' id='word_1_413' title='bbox 955 2873 1033 2915; x_wconf 83' lang='lat' dir='ltr'>ubi</span> <span class='ocrx_word' id='word_1_414' title='bbox 1055 2874 1143 2915; x_wconf 85' lang='lat' dir='ltr'>vid.</span> <span class='ocrx_word' id='word_1_415' title='bbox 1170 2872 1389 2925; x_wconf 70' lang='lat' dir='ltr'>Verlieyk1.</span> <span class='ocrx_word' id='word_1_416' title='bbox 1420 2873 1470 2914; x_wconf 79' lang='lat' dir='ltr'>it..</span> <span class='ocrx_word' id='word_1_417' title='bbox 1502 2870 1629 2913; x_wconf 86' lang='lat' dir='ltr'>Koen.</span> <span class='ocrx_word' id='word_1_418' title='bbox 1652 2870 1707 2912; x_wconf 79' lang='lat' dir='ltr'>ad</span> 
     </span>
     <span class='ocr_line' id='line_1_48' title="bbox 201 2919 915 2981; baseline 0.01 -17"><span class='ocrx_word' id='word_1_419' title='bbox 201 2919 387 2978; x_wconf 83' lang='lat' dir='ltr'>Gregor.</span> <span class='ocrx_word' id='word_1_420' title='bbox 413 2922 512 2968; x_wconf 87' lang='lat' dir='ltr'>Cor.</span> <span class='ocrx_word' id='word_1_421' title='bbox 533 2939 574 2981; x_wconf 88' lang='lat' dir='ltr'>p.</span> <span class='ocrx_word' id='word_1_422' title='bbox 592 2928 689 2971; x_wconf 81' lang='lat'>235.</span> <span class='ocrx_word' id='word_1_423' title='bbox 723 2929 915 2971; x_wconf 72' lang='lat' dir='ltr'>SGHAEF.</span> 
     </span>
    </p>
   </div>
  </div>
 </body>
</html>
