1838 3164
206 125 264 169 94
577 131 903 174 PLEONASMI
929 133 1353 177 ADVERBIORUM.

199 244 341 298 primi
364 243 544 300 possit;
572 249 618 287 et
636 247 838 290 universe
857 261 911 289 ea
928 248 1180 302 significari,
1214 249 1283 291 vel
1304 249 1360 290 ad
1390 249 1534 304 ipsam
1552 252 1723 293 senten-

209 303 340 351 tiam,
374 304 502 357 cujus
541 304 618 346 illa
648 317 750 359 pars
785 309 870 354 est,
909 306 977 347 vel
1013 307 1068 348 ad
1108 307 1434 349 antecedentem
1465 310 1545 348 aut
1574 308 1723 350 subse-

208 363 435 413 quentem,
473 374 607 415 quam
642 367 798 405 auctor
837 364 1126 411 demonstret,
1177 366 1368 407 maxime
1411 365 1724 408 attendendum

207 430 316 460 esse.

266 475 349 518 Sed
371 477 495 519 aliud
516 476 627 519 mihi
657 481 814 533 postea
848 478 895 520 in
931 483 1123 522 mentem
1159 480 1296 529 venit,
1327 480 1445 534 quod
1479 483 1524 522 et
1551 480 1724 522 ratione

205 538 327 576 certa
346 538 391 576 et
410 535 616 587 analogia
639 537 813 587 nititur,
848 540 893 578 et
911 544 1088 592 propter
1107 540 1249 593 ipsam
1271 537 1600 592 simplicitatem
1633 550 1722 580 ma-

206 591 277 643 gis
303 593 463 646 placet.
524 592 682 634 Statuo
724 606 899 648 nempe,
937 594 983 637 δὴ
1021 596 1182 637 habere
1213 595 1268 637 ad
1299 594 1353 647 δὲ,
1384 600 1434 637 ut
1455 595 1534 644 μὴν
1563 596 1618 637 ad
1637 598 1723 645 μέν.

206 646 320 690 Vide
343 650 474 703 infra,
493 663 592 703 quae
610 651 663 691 de
685 649 753 692 his
774 652 1004 705 particulis
1023 653 1132 695 dixi.
1193 652 1309 695 Nam
1329 655 1506 706 gravior
1520 653 1722 706 quaedam

206 707 473 760 significatio
493 709 803 762 disjunctionis
818 709 928 751 facit
944 711 1050 751 item
1063 712 1329 752 sententiam
1350 711 1608 760 notabilem,
1629 713 1722 753 sive

205 764 319 806 hane
339 767 428 808 vim
462 766 623 807 habere
657 770 820 820 potest,
857 766 916 809 ad
943 780 1032 808 rem
1064 766 1252 810 mascrime
1276 767 1584 811 attendendum
1616 781 1721 818 esse,

204 827 248 863 et
267 823 420 878 magni
441 837 528 866 esse
548 822 608 864 ad
637 830 794 866 ceteras
814 837 881 866 res
904 824 1120 867 momenti.
1183 823 1357 867 Natura
1375 827 1482 868 duce
1514 827 1596 871 hoc
1614 827 1723 869 faci-

198 892 319 928 mus,
340 885 391 923 ut
407 882 554 922 verbis
573 882 882 934 gravioribus
870 896 915 924 1n
934 883 1295 938 pronuntiatione
1316 896 1479 925 moram
1494 884 1723 938 quandam

204 938 433 987 addamus,
470 939 745 993 syllabasque
776 954 926 982 omnes
961 941 1282 1006 quodammodo
1310 941 1613 995 pimoducamus
1673 939 1723 982 Id

204 994 347 1037 Graeci
366 1009 452 1037 non
475 997 636 1037 modo
624 1010 669 1038 in
699 997 1055 1053 pronuntiatzone
1074 999 1303 1054 particulae
1323 998 1361 1040 δὲ
1381 999 1621 1047 faciebant,
1643 1000 1719 1040 sed

202 1054 341 1095 etiam
363 1056 406 1095 in
426 1052 687 1111 ,ςενίριῑοηω
714 1060 760 1097 et
781 1056 1004 1110 duplicato
1034 1062 1088 1114 τῷ
1119 1055 1171 1105 Ε,
1203 1058 1283 1098 hoc
1302 1059 1383 1105 est,
1417 1060 1588 1098 mutato
1609 1057 1654 1098 in
1671 1055 1719 1099 H

202 1112 526 1164 significabant.
559 1125 652 1153 rem
672 1126 765 1154 esse
784 1115 922 1169 probe
940 1115 1187 1156 tenendam.
1250 1112 1346 1155 Hoc
1367 1127 1470 1168 ergo
1491 1127 1608 1156 nune.
1628 1126 1719 1156 am-

201 1170 366 1223 plector
384 1174 429 1212 et
446 1170 722 1211 verissimum
737 1184 831 1213 esse
853 1177 976 1226 puto.
1037 1171 1140 1215 Vid.
1156 1175 1201 1214 et
1222 1172 1356 1221 infra,
1370 1174 1415 1242 si
1437 1174 1599 1228 placet,
1618 1183 1719 1225 quoe

201 1231 424 1282 postremo
442 1228 534 1269 dixi
550 1229 632 1270 sub
651 1228 763 1270 coni.
785 1228 917 1272 APA.

540 1316 600 1358 EI
626 1316 743 1359 ΓΑΡ
762 1323 807 1360 et
836 1317 985 1361 ΕΙΘΕ
1021 1319 1157 1374 (poet.
1187 1317 1375 1376 ΑΙΘΕ).

257 1383 505 1440 Utrumque
526 1387 689 1428 dicitur
708 1400 789 1441 per
809 1388 1092 1442 aposiopesin
1113 1388 1350 1441 quandam,
1382 1401 1480 1442 quas
1498 1387 1715 1444 suspicari

199 1443 387 1486 alterum
417 1446 545 1498 Jubet
565 1449 743 1486 cetera:
777 1450 822 1486 et
843 1446 976 1499 plena
1011 1447 1153 1487 oratio
1173 1449 1256 1495 est,
1285 1450 1502 1499 quatenus
1540 1445 1587 1487 in
1621 1447 1716 1488 uni-

198 1513 370 1543 versum
402 1502 602 1575 exemplo
636 1506 783 1556 potest
824 1503 1066 1544 declarari.
1116 1501 1198 1545 Εὶ
1227 1534 1237 1544 .
1309 1502 1424 1557 (tum
1462 1504 1711 1559 apodosis)·

198 1563 330 1601 καλῶς
355 1558 398 1601 ἀν
432 1560 534 1614 ἐ’χοι,
555 1561 646 1600 sive
685 1560 860 1614 εὐτυχὴς
876 1579 919 1601 αν
949 1560 1040 1608 εἴην,
1062 1562 1155 1602 sive
1175 1561 1266 1602 alia
1297 1561 1545 1613 hujusmodi
1567 1573 1716 1607 conse-

199 1618 396 1668 quentia.
456 1617 626 1659 Nam}
597 1635 626 1656 ει
647 1618 758 1658 nihil
778 1622 859 1664 est,
894 1618 979 1658 nisi
999 1621 1106 1659 nota
1138 1618 1359 1671 particula
1387 1618 1715 1668 conditionalis,

198 1687 298 1727 quae
318 1676 430 1716 etin
452 1674 642 1728 simplici
666 1675 838 1722 forma,
876 1675 971 1716 sine
1003 1675 1078 1730 «γὰρ
1113 1679 1191 1716 aut
1211 1676 1360 1716 enclit.
1395 1674 1459 1724 55,
1481 1679 1530 1718 ut
1560 1677 1715 1719 sunem&

202 1732 395 1774 occurrit
415 1733 459 1774 in
479 1732 559 1772 hoc
578 1732 761 1773 Luciani
782 1732 908 1786 (dial.
930 1737 1104 1774 meretr.
1134 1731 1222 1788 4.;)
1267 1731 1388 1775 ”Αλλ
1410 1732 1449 1774 εἰ
1461 1749 1544 1775 τινα
1560 1733 1715 1788 εὕροιμι,

200 1809 230 1830 ω
257 1787 410 1843 Βακχῖ,
445 1807 579 1845 Ὑξαυν,
610 1792 659 1830 ὣς
688 1790 794 1842 ’ἐφἠν,
834 1791 1018 1831 ἀποσῶσαι
1048 1790 1122 1846 ’γὰρ
1154 1789 1198 1832 ἂν
1232 1794 1403 1843 φανεῖσα.
1470 1788 1540 1833 Ita
1569 1794 1613 1832 et
1638 1804 1712 1846 ap.

199 1844 439 1900 Virgilium
460 1847 649 1902 simplex
683 1846 724 1888 si
753 1861 832 1902 pro
864 1861 888 1889 o
916 1847 968 1889 si.
999 1845 1100 1889 AEn.
1139 1849 1198 1890 vi.
1236 1847 1331 1890 187.
1392 1846 1613 1890 Differunt
1640 1861 1716 1894 au-

197 1908 288 1946 tem
309 1906 544 1960 propositae
563 1905 790 1959 particulae
824 1906 904 1953 sic,
939 1909 989 1947 ut
1008 1907 1039 1945 εἰ
1069 1905 1144 1961 «γάρ
1176 1905 1231 1947 ad
1263 1906 1432 1958 aliquid
1451 1906 1713 1948 antecedens

198 1963 432 2011 referatur,
454 1966 499 2004 et
517 1963 762 2016 graviorem
779 1963 937 2018 prodat
966 1965 1162 2018 optantis
1181 1963 1498 2018 cupiditatem:
1530 1962 1613 2004 εἴθε
1633 1966 1714 2008 mi-

198 2032 282 2062 nus
313 2021 372 2062 sit
391 2021 639 2069 vehemens,
672 2026 715 2063 et
735 2022 791 2062 ab
820 2021 951 2063 initio
970 2022 1106 2063 totius
1144 2022 1358 2063 orationis
1396 2022 1503 2076 poni
1539 2022 1710 2076 possit:

197 2090 302 2119 nam
323 2077 368 2119 Se
388 2079 552 2121 nudum
574 2082 618 2119 et
638 2092 717 2132 per
736 2092 782 2120 se
814 2078 1140 2121 consideratum
1170 2080 1245 2120 vix
1277 2079 1516 2134 quidquam
1549 2079 1713 2132 signifi-

196 2140 283 2186 cat,
315 2148 366 2178 ac
397 2136 704 2178 tantummodo
731 2137 840 2178 facit
874 2141 923 2177 ut
945 2139 992 2184 εἰ,
1027 2138 1097 2178 cui
1119 2137 1375 2190 adjunctum
1398 2141 1480 2184 est,
1502 2149 1713 2189 agnosca-

200 2196 271 2234 tur
291 2199 340 2235 ut
360 2195 541 2235 εὐκτικὸν.
605 2192 722 2235 Hinc
741 2198 785 2235 et
807 2192 896 2236 αἴθε
927 2194 1002 2248 ’γὰρ
1037 2195 1197 2236 dicitur
1226 2195 1344 2249 apud
1378 2193 1711 2242 Callimachum,

199 2250 245 2291 in
269 2250 368 2292 Cer.
396 2252 491 2294 101.
553 2250 835 2293 Pleonasmus
866 2255 1013 2292 autem
1039 2253 1212 2293 exsistit
1245 2266 1269 2293 e
1303 2251 1611 2304 conjunctione
1638 2251 1712 2293 ho-

197 2320 294 2349 rum
312 2323 408 2350 cum
430 2312 479 2351 ὡς
495 2315 573 2351 aut
591 2308 744 2363 ὤφελον.
805 2309 911 2351 Vid.
929 2322 1064 2363 supra
1079 2307 1404 2357 ΟΦΕΙΛΕΙΝ,
1420 2312 1462 2350 et
1493 2308 1612 2350 infra
1629 2308 1711 2350 ΩΣ

198 2364 245 2405 S.
265 2364 306 2407 4.
369 2365 493 2408 Iliad.
517 2366 570 2408 A.
590 2365 691 2408 415.
729 2365 828 2408 AY’S
849 2366 914 2420 ’όφε
901 2375 981 2407 ἕλες
1005 2368 1112 2422 παραὶ
1140 2365 1260 2409 νηυσὶν
1280 2365 1490 2422 ἀδάκρυτος
1514 2365 1579 2406 καὶ
1608 2367 1711 2412 ἀπή-

180 2440 279 2470 μων
298 2422 446 2468 {affati
508 2422 602 2478 Ody
607 2438 663 2466 ss.
685 2423 738 2465 A.
761 2424 860 2466 217.
919 2423 1330 2477 Lucianus‚rnescio
1364 2437 1453 2476 quo
1480 2424 1602 2465 loco:
1630 2423 1713 2465 Ως

198 2479 281 2521 εἴθε
312 2499 356 2530 γε
379 2481 442 2522 καὶ
463 2481 650 2535 ,ἐξεμέσαι
681 2482 834 2523 δυνατὸν
865 2481 936 2526 ἦγέ
971 2480 1192 2523 Laborare
1227 2483 1402 2523 videtur
1433 2479 1712 2534 Hoogeveen,

196 2538 335 2579 doctr.
356 2540 667 2593 particularum
698 2554 740 2594 p.
763 2539 862 2581 272.
899 2541 967 2581 ed.
1000 2539 1179 2587 Schiitz‚
1213 2553 1267 2581 ne
1301 2540 1406 2592 quid
1434 2540 1484 2580 'in
1506 2540 1575 2580 his
1599 2539 1709 2579 otio·

196 2608 294 2637 sum
316 2598 390 2637 sit.
452 2596 702 2652 Repudiata
722 2597 836 2639 enim
872 2596 1020 2639 Budaei
1042 2599 1278 2646 sententia,
1309 2599 1386 2650 qui
1405 2596 1711 2638 tantummodo

196 2653 241 2694 in
291 2666 577 2708 personarum
625 2655 908 2697 distinctione
957 2659 1025 2696 τοῦ
1055 2652 1233 2708 ’'D-<pom
1288 2655 1522 2696 discrimen
1570 2653 1710 2707 ponit,

198 2718 229 2736 ‘⁶
263 2710 408 2759 Alia‚”
430 2714 591 2764 inquit,
622 2719 654 2737 “
678 2713 849 2754 videtur
879 2717 947 2755 τοῦ
964 2710 1087 2753 ”.ΩΦ.
1111 2713 1271 2765 adJecti
1293 2713 1424 2759 ratio,
1445 2711 1581 2752 fatale
1600 2712 1708 2763 quid

197 2774 228 2794 ‘⁶
261 2780 418 2824 nempe
460 2770 711 2817 indicantis,
742 2783 786 2823 q.
820 2770 863 2810 d.
908 2770 1078 2811 utinam
1101 2768 1250 2827 fatale
1287 2769 1366 2811 Ιιοσ
1402 2773 1508 2810 esset
1535 2768 1602 2808 vei
1625 2765 1708 2824 su-

196 2830 227 2852 “
255 2826 382 2868 isset.-
412 2826 456 2866 id
476 2829 591 2879 quod
624 2826 766 2868 Graeci
802 2828 989 2869 efferunt
1021 2840 1100 2882 per
1132 2827 1270 2881 ὤφελε,
1301 2825 1560 2868 debuisset?
1618 2825 1706 2866 Sed

193 2885 231 2926 si
254 2884 347 2926 haec
360 2888 427 2926 est
447 2884 601 2926 eadem
621 2886 900 2939 signifieatiO,
920 2897 1053 2938 quam
1083 2885 1165 2926 sub
1194 2886 1352 2939 ὀφείλειν
1388 2883 1536 2930 attuli,
1570 2883 1705 2926 etiam

193 2943 256 2985 sic
275 2941 489 2985 redundat
518 2940 602 2984 εἴθε
620 2956 631 2984 :
665 2942 730 2987 sin
752 2949 899 2985 autem
919 2956 1046 2992 nova,
1068 2943 1202 2985 etiam
1223 2955 1302 2998 per
1331 2954 1379 2984 se
1412 2940 1584 2984 videtur
1599 2951 1703 2983 *sus—
