<?xml version="1.0" encoding="UTF-8"?>
<!DOCTYPE html PUBLIC "-//W3C//DTD XHTML 1.0 Transitional//EN"
    "http://www.w3.org/TR/xhtml1/DTD/xhtml1-transitional.dtd">
<html xmlns="http://www.w3.org/1999/xhtml" xml:lang="en" lang="en">
 <head>
  <title>
</title>
<meta http-equiv="Content-Type" content="text/html;charset=utf-8" />
  <meta name='ocr-system' content='tesseract 3.04.00' />
  <meta name='ocr-capabilities' content='ocr_page ocr_carea ocr_par ocr_line ocrx_word'/>
</head>
<body>
  <div class='ocr_page' id='page_1' title='image "./ellipsesgraecaec00bosluoft_0706.png"; bbox 0 0 1838 3164; ppageno 0'>
   <div class='ocr_carea' id='block_1_1' title="bbox 167 117 1324 168">
    <p class='ocr_par' dir='ltr' id='par_1_1' title="bbox 167 117 1324 168">
     <span class='ocr_line' id='line_1_1' title="bbox 167 117 1324 168; baseline 0.003 -3"><span class='ocrx_word' id='word_1_1' title='bbox 167 117 264 165; x_wconf 90' lang='grc'><strong>100</strong></span> <span class='ocrx_word' id='word_1_2' title='bbox 546 123 870 168; x_wconf 81' lang='lat' dir='ltr'><strong>PLEONASMI</strong></span> <span class='ocrx_word' id='word_1_3' title='bbox 897 124 1324 168; x_wconf 85' lang='lat' dir='ltr'><strong>ADVERBIORUM.</strong></span> 
     </span>
    </p>
   </div>
   <div class='ocr_carea' id='block_1_2' title="bbox 181 237 1709 1046">
    <p class='ocr_par' dir='ltr' id='par_1_2' title="bbox 181 237 1701 584">
     <span class='ocr_line' id='line_1_2' title="bbox 181 237 1697 296; baseline 0.002 -18"><span class='ocrx_word' id='word_1_4' title='bbox 181 237 246 279; x_wconf 86' lang='lat' dir='ltr'><strong>ris</strong></span> <span class='ocrx_word' id='word_1_5' title='bbox 265 250 276 285; x_wconf 86' lang='grc'>;</span> <span class='ocrx_word' id='word_1_6' title='bbox 308 242 353 281; x_wconf 89' lang='lat' dir='ltr'><strong>et</strong></span> <span class='ocrx_word' id='word_1_7' title='bbox 371 239 432 288; x_wconf 67' lang='grc' dir='ltr'><strong>μὴ</strong></span> <span class='ocrx_word' id='word_1_8' title='bbox 452 252 547 282; x_wconf 87' lang='lat' dir='ltr'><strong>esse</strong></span> <span class='ocrx_word' id='word_1_9' title='bbox 565 242 783 290; x_wconf 90' lang='lat' dir='ltr'><strong>timentis,</strong></span> <span class='ocrx_word' id='word_1_10' title='bbox 804 254 1082 296; x_wconf 87' lang='lat' dir='ltr'><strong>nequaquam</strong></span> <span class='ocrx_word' id='word_1_11' title='bbox 1100 243 1249 282; x_wconf 90' lang='lat' dir='ltr'><strong>autem</strong></span> <span class='ocrx_word' id='word_1_12' title='bbox 1267 238 1371 295; x_wconf 90' lang='lat' dir='ltr'><strong>poni</strong></span> <span class='ocrx_word' id='word_1_13' title='bbox 1391 251 1621 295; x_wconf 83' lang='lat' dir='ltr'><strong>possepro</strong></span> <span class='ocrx_word' id='word_1_14' title='bbox 1639 241 1697 289; x_wconf 75' lang='grc' dir='ltr'><strong>οὔ,</strong></span> 
     </span>
     <span class='ocr_line' id='line_1_3' title="bbox 185 295 1697 355; baseline 0.002 -19"><span class='ocrx_word' id='word_1_15' title='bbox 185 295 304 348; x_wconf 91' lang='lat' dir='ltr'><strong>quod</strong></span> <span class='ocrx_word' id='word_1_16' title='bbox 325 300 370 339; x_wconf 89' lang='lat' dir='ltr'><strong>et</strong></span> <span class='ocrx_word' id='word_1_17' title='bbox 390 311 470 352; x_wconf 88' lang='lat' dir='ltr'><strong>per</strong></span> <span class='ocrx_word' id='word_1_18' title='bbox 489 312 534 340; x_wconf 90' lang='lat' dir='ltr'><strong>se</strong></span> <span class='ocrx_word' id='word_1_19' title='bbox 555 299 598 340; x_wconf 88' lang='lat' dir='ltr'><strong>h.</strong></span> <span class='ocrx_word' id='word_1_20' title='bbox 627 300 653 340; x_wconf 93' lang='lat' dir='ltr'><strong>l.</strong></span> <span class='ocrx_word' id='word_1_21' title='bbox 684 302 947 341; x_wconf 85' lang='lat' dir='ltr'><strong>sententiam</strong></span> <span class='ocrx_word' id='word_1_22' title='bbox 966 302 1250 355; x_wconf 84' lang='lat' dir='ltr'><strong>perverteret.</strong></span> <span class='ocrx_word' id='word_1_23' title='bbox 1310 296 1384 340; x_wconf 89' lang='lat' dir='ltr'><strong>Sic</strong></span> <span class='ocrx_word' id='word_1_24' title='bbox 1418 298 1535 339; x_wconf 90' lang='lat' dir='ltr'><strong>idem</strong></span> <span class='ocrx_word' id='word_1_25' title='bbox 1567 296 1697 345; x_wconf 58' lang='lat'><strong>5:51.</strong></span> 
     </span>
     <span class='ocr_line' id='line_1_4' title="bbox 189 351 1699 411; baseline 0.002 -18"><span class='ocrx_word' id='word_1_26' title='bbox 189 357 235 394; x_wconf 85' lang='lat' dir='ltr'><strong>et</strong></span> <span class='ocrx_word' id='word_1_27' title='bbox 254 351 324 395; x_wconf 84' lang='lat'><strong>65.</strong></span> <span class='ocrx_word' id='word_1_28' title='bbox 337 359 383 397; x_wconf 92' lang='lat' dir='ltr'><strong>et</strong></span> <span class='ocrx_word' id='word_1_29' title='bbox 397 357 521 398; x_wconf 87' lang='lat' dir='ltr'><strong>alibi.</strong></span> <span class='ocrx_word' id='word_1_30' title='bbox 580 356 808 410; x_wconf 81' lang='lat' dir='ltr'><strong>Significat</strong></span> <span class='ocrx_word' id='word_1_31' title='bbox 827 363 978 398; x_wconf 88' lang='lat' dir='ltr'><strong>autem</strong></span> <span class='ocrx_word' id='word_1_32' title='bbox 997 358 1067 399; x_wconf 88' lang='lat' dir='ltr'><strong>hic</strong></span> <span class='ocrx_word' id='word_1_33' title='bbox 1087 357 1383 411; x_wconf 74' lang='lat' dir='ltr'><strong>pleonasmuS,</strong></span> <span class='ocrx_word' id='word_1_34' title='bbox 1400 355 1555 409; x_wconf 87' lang='lat' dir='ltr'><strong>majori</strong></span> <span class='ocrx_word' id='word_1_35' title='bbox 1571 355 1699 396; x_wconf 83' lang='lat' dir='ltr'><strong>dubi-</strong></span> 
     </span>
     <span class='ocr_line' id='line_1_5' title="bbox 189 411 1697 468; baseline 0.001 -17"><span class='ocrx_word' id='word_1_36' title='bbox 189 411 348 454; x_wconf 79' lang='lat' dir='ltr'><strong>tationi</strong></span> <span class='ocrx_word' id='word_1_37' title='bbox 387 413 528 455; x_wconf 90' lang='lat' dir='ltr'><strong>locum</strong></span> <span class='ocrx_word' id='word_1_38' title='bbox 565 428 675 463; x_wconf 82' lang='lat' dir='ltr'><strong>esse,</strong></span> <span class='ocrx_word' id='word_1_39' title='bbox 708 428 970 468; x_wconf 83' lang='lat' dir='ltr'><strong>causamque</strong></span> <span class='ocrx_word' id='word_1_40' title='bbox 1015 414 1188 456; x_wconf 85' lang='lat' dir='ltr'><strong>timoris</strong></span> <span class='ocrx_word' id='word_1_41' title='bbox 1223 414 1370 455; x_wconf 90' lang='lat' dir='ltr'><strong>minus</strong></span> <span class='ocrx_word' id='word_1_42' title='bbox 1408 414 1697 468; x_wconf 77' lang='lat' dir='ltr'><strong>exploratam.</strong></span> 
     </span>
     <span class='ocr_line' id='line_1_6' title="bbox 189 465 1701 521; baseline 0.001 -12"><span class='ocrx_word' id='word_1_43' title='bbox 189 465 488 513; x_wconf 72' lang='lat' dir='ltr'><strong>confidentius</strong></span> <span class='ocrx_word' id='word_1_44' title='bbox 509 473 626 514; x_wconf 85' lang='lat' dir='ltr'><strong>idem</strong></span> <span class='ocrx_word' id='word_1_45' title='bbox 661 475 755 514; x_wconf 87' lang='lat' dir='ltr'><strong>Sine</strong></span> <span class='ocrx_word' id='word_1_46' title='bbox 781 473 840 521; x_wconf 70' lang='grc' dir='ltr'><strong>μὴ</strong></span> <span class='ocrx_word' id='word_1_47' title='bbox 879 486 918 515; x_wconf 83' lang='lat' dir='ltr'><strong>v.</strong></span> <span class='ocrx_word' id='word_1_48' title='bbox 946 471 1012 515; x_wconf 85' lang='lat'><strong>19.</strong></span> <span class='ocrx_word' id='word_1_49' title='bbox 1048 472 1116 513; x_wconf 78' lang='grc' dir='ltr'><strong>δέει</strong></span> <span class='ocrx_word' id='word_1_50' title='bbox 1148 477 1214 514; x_wconf 78' lang='grc' dir='ltr'><strong>τοῦ</strong></span> <span class='ocrx_word' id='word_1_51' title='bbox 1243 487 1337 512; x_wconf 77' lang='grc' dir='ltr'><strong><em>τινος</em></strong></span> <span class='ocrx_word' id='word_1_52' title='bbox 1363 471 1615 512; x_wconf 72' lang='grc' dir='ltr'><strong><em>ἀντιστάσεως</em></strong></span> <span class='ocrx_word' id='word_1_53' title='bbox 1635 471 1701 511; x_wconf 48' lang='grc' dir='ltr'><strong>ὖπΨ</strong></span> 
     </span>
     <span class='ocr_line' id='line_1_7' title="bbox 189 528 1670 584; baseline 0.003 -17"><span class='ocrx_word' id='word_1_54' title='bbox 189 529 316 568; x_wconf 77' lang='grc' dir='ltr'><strong><em>αὐτῶν</em></strong></span> <span class='ocrx_word' id='word_1_55' title='bbox 335 528 577 584; x_wconf 62' lang='grc' dir='ltr'><strong>πειραθῆναι.</strong></span> <span class='ocrx_word' id='word_1_56' title='bbox 1646 544 1670 550; x_wconf 84' lang='grc'><strong>“·</strong></span> 
     </span>
    </p>

    <p class='ocr_par' dir='ltr' id='par_1_3' title="bbox 188 584 1709 1046">
     <span class='ocr_line' id='line_1_8' title="bbox 245 584 1704 642; baseline 0.001 -17"><span class='ocrx_word' id='word_1_57' title='bbox 245 585 289 626; x_wconf 90' lang='grc'><strong>3.</strong></span> <span class='ocrx_word' id='word_1_58' title='bbox 318 584 386 627; x_wconf 88' lang='lat' dir='ltr'><strong>De</strong></span> <span class='ocrx_word' id='word_1_59' title='bbox 406 589 597 642; x_wconf 86' lang='lat' dir='ltr'><strong>repetita</strong></span> <span class='ocrx_word' id='word_1_60' title='bbox 615 588 849 641; x_wconf 83' lang='lat' dir='ltr'><strong>negatione</strong></span> <span class='ocrx_word' id='word_1_61' title='bbox 874 587 1069 630; x_wconf 84' lang='lat' dir='ltr'><strong>dicemus</strong></span> <span class='ocrx_word' id='word_1_62' title='bbox 1107 587 1190 629; x_wconf 93' lang='lat' dir='ltr'><strong>sub</strong></span> <span class='ocrx_word' id='word_1_63' title='bbox 1221 589 1278 628; x_wconf 80' lang='grc' dir='ltr'><strong>οὗ.</strong></span> <span class='ocrx_word' id='word_1_64' title='bbox 1339 585 1427 628; x_wconf 90' lang='lat' dir='ltr'><strong>Hic</strong></span> <span class='ocrx_word' id='word_1_65' title='bbox 1459 589 1608 628; x_wconf 87' lang='lat' dir='ltr'><strong>autem</strong></span> <span class='ocrx_word' id='word_1_66' title='bbox 1627 594 1704 642; x_wconf 84' lang='lat' dir='ltr'><strong>po·</strong></span> 
     </span>
     <span class='ocr_line' id='line_1_9' title="bbox 189 641 1704 701; baseline 0.001 -19"><span class='ocrx_word' id='word_1_67' title='bbox 189 653 292 683; x_wconf 82' lang='lat' dir='ltr'><strong>nere</strong></span> <span class='ocrx_word' id='word_1_68' title='bbox 311 643 443 686; x_wconf 84' lang='lat' dir='ltr'><strong>liceat</strong></span> <span class='ocrx_word' id='word_1_69' title='bbox 461 648 585 687; x_wconf 88' lang='lat' dir='ltr'><strong>vet-us</strong></span> <span class='ocrx_word' id='word_1_70' title='bbox 606 645 803 686; x_wconf 85' lang='lat' dir='ltr'>scholion</span> <span class='ocrx_word' id='word_1_71' title='bbox 821 645 877 686; x_wconf 87' lang='lat' dir='ltr'><strong>ad</strong></span> <span class='ocrx_word' id='word_1_72' title='bbox 907 644 1091 687; x_wconf 89' lang='lat' dir='ltr'><strong>Luciani</strong></span> <span class='ocrx_word' id='word_1_73' title='bbox 1112 644 1165 686; x_wconf 85' lang='lat' dir='ltr'><strong>de</strong></span> <span class='ocrx_word' id='word_1_74' title='bbox 1188 643 1383 701; x_wconf 74' lang='lat' dir='ltr'><strong>parasito</strong></span> <span class='ocrx_word' id='word_1_75' title='bbox 1403 657 1441 686; x_wconf 78' lang='lat' dir='ltr'><strong>c,</strong></span> <span class='ocrx_word' id='word_1_76' title='bbox 1472 642 1515 684; x_wconf 87' lang='grc'><strong>4.</strong></span> <span class='ocrx_word' id='word_1_77' title='bbox 1544 641 1704 685; x_wconf 85' lang='lat' dir='ltr'><strong>Verbis</strong></span> 
     </span>
     <span class='ocr_line' id='line_1_10' title="bbox 191 699 1705 759; baseline 0.001 -19"><span class='ocrx_word' id='word_1_78' title='bbox 191 704 222 724; x_wconf 91' lang='lat'><strong>“</strong></span> <span class='ocrx_word' id='word_1_79' title='bbox 254 701 363 742; x_wconf 67' lang='grc' dir='ltr'><strong>ἀλλὰ</strong></span> <span class='ocrx_word' id='word_1_80' title='bbox 380 702 458 750; x_wconf 64' lang='grc' dir='ltr'><strong>μὴ,</strong></span> <span class='ocrx_word' id='word_1_81' title='bbox 488 701 664 757; x_wconf 59' lang='grc' dir='ltr'><strong>καθάπερ</strong></span> <span class='ocrx_word' id='word_1_82' title='bbox 694 705 733 743; x_wconf 82' lang='grc' dir='ltr'><strong>αἱ</strong></span> <span class='ocrx_word' id='word_1_83' title='bbox 759 702 920 758; x_wconf 73' lang='grc' dir='ltr'>ωονηραῖ</span> <span class='ocrx_word' id='word_1_84' title='bbox 949 706 1111 759; x_wconf 66' lang='grc' dir='ltr'><em>χύτραι,</em></span> <span class='ocrx_word' id='word_1_85' title='bbox 1156 702 1448 757; x_wconf 68' lang='grc' dir='ltr'>διακρουόμεναι,</span> <span class='ocrx_word' id='word_1_86' title='bbox 1479 702 1538 749; x_wconf 68' lang='grc' dir='ltr'><strong>μὴ</strong></span> <span class='ocrx_word' id='word_1_87' title='bbox 1568 699 1705 756; x_wconf 56' lang='grc' dir='ltr'>σαθρὸν</span> 
     </span>
     <span class='ocr_line' id='line_1_11' title="bbox 191 757 1705 815; baseline 0.003 -17"><span class='ocrx_word' id='word_1_88' title='bbox 191 758 226 782; x_wconf 80' lang='grc'><strong>“</strong></span> <span class='ocrx_word' id='word_1_89' title='bbox 254 757 580 811; x_wconf 69' lang='grc' dir='ltr'><em>ἀποφθέγγηται”</em></span> <span class='ocrx_word' id='word_1_90' title='bbox 627 760 717 802; x_wconf 86' lang='lat' dir='ltr'><strong>haec</strong></span> <span class='ocrx_word' id='word_1_91' title='bbox 757 760 981 815; x_wconf 85' lang='lat' dir='ltr'><strong>adscripta</strong></span> <span class='ocrx_word' id='word_1_92' title='bbox 1022 763 1150 802; x_wconf 89' lang='lat' dir='ltr'><strong>sunt:</strong></span> <span class='ocrx_word' id='word_1_93' title='bbox 1201 759 1413 813; x_wconf 75' lang='grc' dir='ltr'>Πλεοναίζει</span> <span class='ocrx_word' id='word_1_94' title='bbox 1453 758 1650 800; x_wconf 78' lang='grc' dir='ltr'><strong><em>Ἀττικῶς</em></strong></span> <span class='ocrx_word' id='word_1_95' title='bbox 1677 758 1705 802; x_wconf 73' lang='grc' dir='ltr'>ἦ</span> 
     </span>
     <span class='ocr_line' id='line_1_12' title="bbox 191 815 1704 874; baseline -0.001 -17"><span class='ocrx_word' id='word_1_96' title='bbox 191 815 441 871; x_wconf 68' lang='grc' dir='ltr'>ἅπαγόρευσις</span> <span class='ocrx_word' id='word_1_97' title='bbox 461 815 560 857; x_wconf 87' lang='grc' dir='ltr'><strong>ΜΗ</strong></span> <span class='ocrx_word' id='word_1_98' title='bbox 584 848 595 858; x_wconf 79' lang='grc'><em>.</em></span> <span class='ocrx_word' id='word_1_99' title='bbox 621 848 631 858; x_wconf 92' lang='grc'><strong>.</strong></span> <span class='ocrx_word' id='word_1_100' title='bbox 657 848 668 858; x_wconf 84' lang='grc'><strong>.</strong></span> <span class='ocrx_word' id='word_1_101' title='bbox 690 815 792 873; x_wconf 64' lang='grc' dir='ltr'><em>’ἤρκει</em></span> <span class='ocrx_word' id='word_1_102' title='bbox 811 818 903 874; x_wconf 65' lang='grc' dir='ltr'><strong>γὰρ,</strong></span> <span class='ocrx_word' id='word_1_103' title='bbox 933 818 1037 859; x_wconf 71' lang='grc' dir='ltr'><em>κατὰ</em></span> <span class='ocrx_word' id='word_1_104' title='bbox 1057 818 1127 861; x_wconf 68' lang='grc' dir='ltr'><strong>τὴν</strong></span> <span class='ocrx_word' id='word_1_105' title='bbox 1148 817 1267 860; x_wconf 67' lang='grc' dir='ltr'><strong>κοινὴν</strong></span> <span class='ocrx_word' id='word_1_106' title='bbox 1282 820 1435 871; x_wconf 73' lang='grc' dir='ltr'>χρῆσιν,</span> <span class='ocrx_word' id='word_1_107' title='bbox 1461 817 1487 860; x_wconf 72' lang='grc' dir='ltr'>ἢ</span> <span class='ocrx_word' id='word_1_108' title='bbox 1505 818 1580 864; x_wconf 81' lang='grc' dir='ltr'><strong>μία</strong></span> <span class='ocrx_word' id='word_1_109' title='bbox 1600 819 1704 856; x_wconf 77' lang='grc' dir='ltr'><strong>ἀπα-</strong></span> 
     </span>
     <span class='ocr_line' id='line_1_13' title="bbox 189 872 1705 938; baseline 0.002 -26"><span class='ocrx_word' id='word_1_110' title='bbox 189 872 373 938; x_wconf 38' lang='grc' dir='ltr'><strong><em>γόρευσις,</em></strong></span> <span class='ocrx_word' id='word_1_111' title='bbox 403 872 486 918; x_wconf 60' lang='grc' dir='ltr'><strong><em>’ἦτοι</em></strong></span> <span class='ocrx_word' id='word_1_112' title='bbox 508 875 533 917; x_wconf 71' lang='grc' dir='ltr'>ἦ</span> <span class='ocrx_word' id='word_1_113' title='bbox 553 876 704 929; x_wconf 76' lang='grc' dir='ltr'>πρώτη,</span> <span class='ocrx_word' id='word_1_114' title='bbox 725 876 750 919; x_wconf 72' lang='grc' dir='ltr'>ἢ</span> <span class='ocrx_word' id='word_1_115' title='bbox 772 876 796 919; x_wconf 72' lang='grc' dir='ltr'><strong>’ἦ</strong></span> <span class='ocrx_word' id='word_1_116' title='bbox 818 876 987 930; x_wconf 77' lang='grc' dir='ltr'><em>δευτέρα.</em></span> <span class='ocrx_word' id='word_1_117' title='bbox 1049 874 1198 917; x_wconf 76' lang='lat' dir='ltr'><strong>Recte.</strong></span> <span class='ocrx_word' id='word_1_118' title='bbox 1259 873 1345 915; x_wconf 85' lang='lat' dir='ltr'><strong>Sed</strong></span> <span class='ocrx_word' id='word_1_119' title='bbox 1366 875 1554 929; x_wconf 83' lang='lat' dir='ltr'><strong>repetita</strong></span> <span class='ocrx_word' id='word_1_120' title='bbox 1575 885 1705 927; x_wconf 73' lang='lat' dir='ltr'><strong>nega-</strong></span> 
     </span>
     <span class='ocr_line' id='line_1_14' title="bbox 192 931 1709 986; baseline 0.001 -16"><span class='ocrx_word' id='word_1_121' title='bbox 192 933 313 971; x_wconf 79' lang='lat' dir='ltr'><strong>none</strong></span> <span class='ocrx_word' id='word_1_122' title='bbox 331 932 490 973; x_wconf 89' lang='lat' dir='ltr'><strong>clarior</strong></span> <span class='ocrx_word' id='word_1_123' title='bbox 520 932 568 973; x_wconf 86' lang='lat' dir='ltr'><strong>fit</strong></span> <span class='ocrx_word' id='word_1_124' title='bbox 599 934 835 981; x_wconf 88' lang='lat' dir='ltr'><strong>sententia,</strong></span> <span class='ocrx_word' id='word_1_125' title='bbox 869 946 956 986; x_wconf 92' lang='lat' dir='ltr'><strong>quo</strong></span> <span class='ocrx_word' id='word_1_126' title='bbox 991 934 1174 975; x_wconf 86' lang='lat' dir='ltr'><strong>consilio</strong></span> <span class='ocrx_word' id='word_1_127' title='bbox 1209 932 1343 974; x_wconf 87' lang='lat' dir='ltr'><strong>verba</strong></span> <span class='ocrx_word' id='word_1_128' title='bbox 1373 931 1517 973; x_wconf 85' lang='lat' dir='ltr'><strong>omnis</strong></span> <span class='ocrx_word' id='word_1_129' title='bbox 1535 931 1709 983; x_wconf 82' lang='lat' dir='ltr'><strong>generis</strong></span> 
     </span>
     <span class='ocr_line' id='line_1_15' title="bbox 188 990 1052 1046; baseline 0.005 -17"><span class='ocrx_word' id='word_1_130' title='bbox 188 993 292 1041; x_wconf 83' lang='lat' dir='ltr'><strong>post</strong></span> <span class='ocrx_word' id='word_1_131' title='bbox 311 990 506 1031; x_wconf 82' lang='lat' dir='ltr'><strong>membra</strong></span> <span class='ocrx_word' id='word_1_132' title='bbox 524 990 757 1043; x_wconf 72' lang='lat' dir='ltr'><strong>interJecta</strong></span> <span class='ocrx_word' id='word_1_133' title='bbox 778 995 1052 1046; x_wconf 82' lang='lat' dir='ltr'><strong>repetuntur.</strong></span> 
     </span>
    </p>
   </div>
   <div class='ocr_carea' id='block_1_3' title="bbox 837 1089 1003 1134">
    <p class='ocr_par' dir='ltr' id='par_1_4' title="bbox 837 1089 1003 1134">
     <span class='ocr_line' id='line_1_16' title="bbox 837 1089 1003 1134; baseline 0.012 -2"><span class='ocrx_word' id='word_1_134' title='bbox 837 1089 1003 1134; x_wconf 91' lang='lat' dir='ltr'><strong>MHN.</strong></span> 
     </span>
    </p>
   </div>
   <div class='ocr_carea' id='block_1_4' title="bbox 187 1166 1721 3010">
    <p class='ocr_par' dir='ltr' id='par_1_5' title="bbox 187 1166 1721 3010">
     <span class='ocr_line' id='line_1_17' title="bbox 251 1166 1710 1217; baseline -0.002 -7"><span class='ocrx_word' id='word_1_135' title='bbox 251 1167 290 1210; x_wconf 87' lang='lat'><strong>1.</strong></span> <span class='ocrx_word' id='word_1_136' title='bbox 323 1166 543 1217; x_wconf 85' lang='lat' dir='ltr'><strong>Quoniam</strong></span> <span class='ocrx_word' id='word_1_137' title='bbox 575 1170 630 1212; x_wconf 88' lang='lat' dir='ltr'><strong>de</strong></span> <span class='ocrx_word' id='word_1_138' title='bbox 663 1171 744 1213; x_wconf 89' lang='lat' dir='ltr'><strong>hoc</strong></span> <span class='ocrx_word' id='word_1_139' title='bbox 778 1170 984 1212; x_wconf 86' lang='lat' dir='ltr'><strong>adverbio</strong></span> <span class='ocrx_word' id='word_1_140' title='bbox 1018 1169 1218 1212; x_wconf 89' lang='lat' dir='ltr'><strong>nonnulli</strong></span> <span class='ocrx_word' id='word_1_141' title='bbox 1259 1168 1458 1209; x_wconf 84' lang='lat' dir='ltr'><strong>doctores</strong></span> <span class='ocrx_word' id='word_1_142' title='bbox 1492 1166 1600 1208; x_wconf 90' lang='lat' dir='ltr'><strong>nihil</strong></span> <span class='ocrx_word' id='word_1_143' title='bbox 1630 1178 1710 1208; x_wconf 85' lang='lat' dir='ltr'><strong>nos</strong></span> 
     </span>
     <span class='ocr_line' id='line_1_18' title="bbox 187 1222 1709 1284; baseline -0.003 -15"><span class='ocrx_word' id='word_1_144' title='bbox 187 1226 363 1279; x_wconf 86' lang='lat' dir='ltr'><strong>docent,</strong></span> <span class='ocrx_word' id='word_1_145' title='bbox 398 1229 559 1283; x_wconf 84' lang='lat' dir='ltr'><strong>ignava</strong></span> <span class='ocrx_word' id='word_1_146' title='bbox 585 1229 752 1284; x_wconf 82' lang='lat' dir='ltr'><strong>quippe</strong></span> <span class='ocrx_word' id='word_1_147' title='bbox 782 1229 953 1270; x_wconf 88' lang='lat' dir='ltr'><strong>ratione</strong></span> <span class='ocrx_word' id='word_1_148' title='bbox 989 1229 1201 1276; x_wconf 89' lang='lat' dir='ltr'><strong>contenti,</strong></span> <span class='ocrx_word' id='word_1_149' title='bbox 1236 1225 1499 1283; x_wconf 72' lang='lat' dir='ltr'><strong>particulam</strong></span> <span class='ocrx_word' id='word_1_150' title='bbox 1531 1222 1709 1281; x_wconf 66' lang='lat' dir='ltr'><strong>expleti-</strong></span> 
     </span>
     <span class='ocr_line' id='line_1_19' title="bbox 188 1282 1709 1337; baseline -0.003 -11"><span class='ocrx_word' id='word_1_151' title='bbox 188 1298 288 1327; x_wconf 76' lang='lat' dir='ltr'><strong>vam</strong></span> <span class='ocrx_word' id='word_1_152' title='bbox 306 1298 422 1335; x_wconf 52' lang='grc' dir='ltr'><strong>ὤεα</strong></span> <span class='ocrx_word' id='word_1_153' title='bbox 451 1287 530 1328; x_wconf 89' lang='lat' dir='ltr'><strong>alii</strong></span> <span class='ocrx_word' id='word_1_154' title='bbox 561 1287 796 1328; x_wconf 86' lang='lat' dir='ltr'><strong>nonsatis</strong></span> <span class='ocrx_word' id='word_1_155' title='bbox 834 1286 920 1327; x_wconf 89' lang='lat' dir='ltr'><strong>sibi</strong></span> <span class='ocrx_word' id='word_1_156' title='bbox 955 1289 1186 1333; x_wconf 89' lang='lat' dir='ltr'><strong>constant;</strong></span> <span class='ocrx_word' id='word_1_157' title='bbox 1217 1284 1418 1337; x_wconf 87' lang='lat' dir='ltr'><strong>quaedam</strong></span> <span class='ocrx_word' id='word_1_158' title='bbox 1451 1283 1505 1324; x_wconf 89' lang='lat' dir='ltr'><strong>de</strong></span> <span class='ocrx_word' id='word_1_159' title='bbox 1527 1295 1579 1323; x_wconf 91' lang='lat' dir='ltr'><strong>eo</strong></span> <span class='ocrx_word' id='word_1_160' title='bbox 1599 1282 1709 1323; x_wconf 86' lang='lat' dir='ltr'><strong>mihi</strong></span> 
     </span>
     <span class='ocr_line' id='line_1_20' title="bbox 189 1337 1710 1399; baseline -0.002 -15"><span class='ocrx_word' id='word_1_161' title='bbox 189 1343 378 1385; x_wconf 86' lang='lat' dir='ltr'><strong>dicenda</strong></span> <span class='ocrx_word' id='word_1_162' title='bbox 396 1348 519 1399; x_wconf 89' lang='lat' dir='ltr'><strong>puto.</strong></span> <span class='ocrx_word' id='word_1_163' title='bbox 580 1342 684 1398; x_wconf 90' lang='lat' dir='ltr'><strong>Ipsa</strong></span> <span class='ocrx_word' id='word_1_164' title='bbox 703 1344 881 1395; x_wconf 89' lang='lat' dir='ltr'><strong>vocalis,</strong></span> <span class='ocrx_word' id='word_1_165' title='bbox 911 1342 1159 1396; x_wconf 83' lang='lat' dir='ltr'><strong>Elongum,</strong></span> <span class='ocrx_word' id='word_1_166' title='bbox 1196 1343 1286 1383; x_wconf 90' lang='lat' dir='ltr'><strong>sive</strong></span> <span class='ocrx_word' id='word_1_167' title='bbox 1318 1341 1498 1395; x_wconf 81' lang='lat' dir='ltr'><strong>duplex,</strong></span> <span class='ocrx_word' id='word_1_168' title='bbox 1532 1339 1563 1380; x_wconf 90' lang='lat' dir='ltr'><strong>i.</strong></span> <span class='ocrx_word' id='word_1_169' title='bbox 1593 1351 1629 1380; x_wconf 89' lang='lat' dir='ltr'><strong>e.</strong></span> <span class='ocrx_word' id='word_1_170' title='bbox 1649 1337 1710 1391; x_wconf 87' lang='lat' dir='ltr'><strong>H,</strong></span> 
     </span>
     <span class='ocr_line' id='line_1_21' title="bbox 189 1396 1709 1454; baseline -0.004 -11"><span class='ocrx_word' id='word_1_171' title='bbox 189 1402 441 1454; x_wconf 86' lang='lat' dir='ltr'><strong>graviorem</strong></span> <span class='ocrx_word' id='word_1_172' title='bbox 458 1402 797 1443; x_wconf 88' lang='lat' dir='ltr'><strong>affirmationem</strong></span> <span class='ocrx_word' id='word_1_173' title='bbox 818 1402 928 1442; x_wconf 88' lang='lat' dir='ltr'><strong>satis</strong></span> <span class='ocrx_word' id='word_1_174' title='bbox 950 1400 1184 1454; x_wconf 87' lang='lat' dir='ltr'><strong>significat,</strong></span> <span class='ocrx_word' id='word_1_175' title='bbox 1211 1411 1310 1440; x_wconf 89' lang='lat' dir='ltr'><strong>cum</strong></span> <span class='ocrx_word' id='word_1_176' title='bbox 1329 1397 1633 1452; x_wconf 78' lang='lat' dir='ltr'><strong>pronuntiatio</strong></span> <span class='ocrx_word' id='word_1_177' title='bbox 1654 1396 1709 1438; x_wconf 85' lang='lat' dir='ltr'><strong>ad</strong></span> 
     </span>
     <span class='ocr_line' id='line_1_22' title="bbox 188 1453 1709 1512; baseline -0.003 -14"><span class='ocrx_word' id='word_1_178' title='bbox 188 1459 456 1512; x_wconf 83' lang='lat' dir='ltr'><strong>particulam</strong></span> <span class='ocrx_word' id='word_1_179' title='bbox 478 1459 640 1500; x_wconf 80' lang='lat' dir='ltr'><strong>clarius</strong></span> <span class='ocrx_word' id='word_1_180' title='bbox 661 1458 927 1500; x_wconf 85' lang='lat' dir='ltr'><strong>efferendam</strong></span> <span class='ocrx_word' id='word_1_181' title='bbox 947 1462 993 1499; x_wconf 87' lang='lat' dir='ltr'><strong>et</strong></span> <span class='ocrx_word' id='word_1_182' title='bbox 1026 1457 1208 1498; x_wconf 85' lang='lat' dir='ltr'><strong>auribus</strong></span> <span class='ocrx_word' id='word_1_183' title='bbox 1242 1455 1546 1497; x_wconf 84' lang='lat' dir='ltr'><strong>inculcandam</strong></span> <span class='ocrx_word' id='word_1_184' title='bbox 1583 1453 1709 1507; x_wconf 84' lang='lat' dir='ltr'><strong>adju-</strong></span> 
     </span>
     <span class='ocr_line' id='line_1_23' title="bbox 190 1509 1704 1568; baseline -0.004 -11"><span class='ocrx_word' id='word_1_185' title='bbox 190 1518 280 1557; x_wconf 85' lang='lat' dir='ltr'><strong>vet.</strong></span> <span class='ocrx_word' id='word_1_186' title='bbox 340 1514 442 1557; x_wconf 87' lang='lat' dir='ltr'><strong>Vid.</strong></span> <span class='ocrx_word' id='word_1_187' title='bbox 459 1515 577 1558; x_wconf 87' lang='lat' dir='ltr'><strong>dicta</strong></span> <span class='ocrx_word' id='word_1_188' title='bbox 598 1517 651 1557; x_wconf 91' lang='lat' dir='ltr'><strong>de</strong></span> <span class='ocrx_word' id='word_1_189' title='bbox 672 1533 757 1564; x_wconf 83' lang='grc' dir='ltr'>μεν.</span> <span class='ocrx_word' id='word_1_190' title='bbox 791 1514 933 1556; x_wconf 86' lang='lat' dir='ltr'><strong>Ornat</strong></span> <span class='ocrx_word' id='word_1_191' title='bbox 953 1515 1092 1568; x_wconf 82' lang='lat' dir='ltr'><strong>igitur</strong></span> <span class='ocrx_word' id='word_1_192' title='bbox 1112 1515 1208 1555; x_wconf 80' lang='lat' dir='ltr'><strong>loca</strong></span> <span class='ocrx_word' id='word_1_193' title='bbox 1227 1513 1507 1566; x_wconf 83' lang='lat' dir='ltr'><strong>gravissima,</strong></span> <span class='ocrx_word' id='word_1_194' title='bbox 1530 1514 1582 1552; x_wconf 88' lang='lat' dir='ltr'><strong>ut</strong></span> <span class='ocrx_word' id='word_1_195' title='bbox 1595 1509 1704 1552; x_wconf 89' lang='lat' dir='ltr'><strong>Xen.</strong></span> 
     </span>
     <span class='ocr_line' id='line_1_24' title="bbox 192 1568 1708 1626; baseline -0.003 -13"><span class='ocrx_word' id='word_1_196' title='bbox 192 1570 444 1626; x_wconf 81' lang='lat' dir='ltr'><strong>cyri-Disc.</strong></span> <span class='ocrx_word' id='word_1_197' title='bbox 479 1587 520 1616; x_wconf 90' lang='lat' dir='ltr'><strong>v.</strong></span> <span class='ocrx_word' id='word_1_198' title='bbox 553 1572 599 1621; x_wconf 88' lang='grc'><strong>4,</strong></span> <span class='ocrx_word' id='word_1_199' title='bbox 647 1573 712 1615; x_wconf 93' lang='grc'><strong>11.</strong></span> <span class='ocrx_word' id='word_1_200' title='bbox 749 1573 826 1615; x_wconf 92' lang='lat' dir='ltr'><strong>ubi</strong></span> <span class='ocrx_word' id='word_1_201' title='bbox 860 1577 978 1614; x_wconf 85' lang='lat' dir='ltr'><strong>certe</strong></span> <span class='ocrx_word' id='word_1_202' title='bbox 1011 1584 1098 1614; x_wconf 89' lang='lat' dir='ltr'><strong>non</strong></span> <span class='ocrx_word' id='word_1_203' title='bbox 1129 1575 1364 1625; x_wconf 84' lang='lat' dir='ltr'><strong>poneretur</strong></span> <span class='ocrx_word' id='word_1_204' title='bbox 1383 1568 1591 1623; x_wconf 82' lang='lat' dir='ltr'><strong>repetita,</strong></span> <span class='ocrx_word' id='word_1_205' title='bbox 1623 1569 1708 1611; x_wconf 85' lang='lat' dir='ltr'><strong>nisi</strong></span> 
     </span>
     <span class='ocr_line' id='line_1_25' title="bbox 192 1625 1710 1683; baseline -0.004 -11"><span class='ocrx_word' id='word_1_206' title='bbox 192 1631 315 1683; x_wconf 86' lang='lat' dir='ltr'><strong>gravi</strong></span> <span class='ocrx_word' id='word_1_207' title='bbox 333 1630 656 1673; x_wconf 87' lang='lat' dir='ltr'><strong>asseveratione</strong></span> <span class='ocrx_word' id='word_1_208' title='bbox 674 1631 839 1672; x_wconf 86' lang='lat' dir='ltr'><strong>dictum</strong></span> <span class='ocrx_word' id='word_1_209' title='bbox 871 1630 1080 1670; x_wconf 86' lang='lat' dir='ltr'><strong>firmaret.</strong></span> <span class='ocrx_word' id='word_1_210' title='bbox 1141 1628 1317 1670; x_wconf 87' lang='lat' dir='ltr'><strong>Scilicet</strong></span> <span class='ocrx_word' id='word_1_211' title='bbox 1339 1627 1505 1679; x_wconf 87' lang='lat' dir='ltr'><strong>ubique</strong></span> <span class='ocrx_word' id='word_1_212' title='bbox 1543 1625 1710 1679; x_wconf 86' lang='lat' dir='ltr'><strong>signifi-</strong></span> 
     </span>
     <span class='ocr_line' id='line_1_26' title="bbox 190 1682 1713 1746; baseline -0.004 -16"><span class='ocrx_word' id='word_1_213' title='bbox 190 1691 267 1730; x_wconf 83' lang='lat' dir='ltr'><strong>cat</strong></span> <span class='ocrx_word' id='word_1_214' title='bbox 284 1700 400 1741; x_wconf 78' lang='lat' dir='ltr'><strong>sane,</strong></span> <span class='ocrx_word' id='word_1_215' title='bbox 418 1701 533 1736; x_wconf 81' lang='lat' dir='ltr'><strong>vero,</strong></span> <span class='ocrx_word' id='word_1_216' title='bbox 548 1686 756 1746; x_wconf 82' lang='lat' dir='ltr'><strong>profecto.</strong></span> <span class='ocrx_word' id='word_1_217' title='bbox 819 1686 883 1729; x_wconf 89' lang='lat' dir='ltr'><strong>Ac</strong></span> <span class='ocrx_word' id='word_1_218' title='bbox 901 1687 955 1728; x_wconf 89' lang='lat' dir='ltr'><strong>de</strong></span> <span class='ocrx_word' id='word_1_219' title='bbox 975 1686 1133 1728; x_wconf 87' lang='lat' dir='ltr'><strong>ceteris</strong></span> <span class='ocrx_word' id='word_1_220' title='bbox 1149 1685 1325 1739; x_wconf 86' lang='lat' dir='ltr'><strong>quidem</strong></span> <span class='ocrx_word' id='word_1_221' title='bbox 1341 1683 1514 1731; x_wconf 87' lang='lat' dir='ltr'><strong>formis,</strong></span> <span class='ocrx_word' id='word_1_222' title='bbox 1544 1682 1591 1725; x_wconf 89' lang='lat' dir='ltr'><strong>in</strong></span> <span class='ocrx_word' id='word_1_223' title='bbox 1616 1683 1713 1736; x_wconf 86' lang='lat' dir='ltr'><strong>qui-</strong></span> 
     </span>
     <span class='ocr_line' id='line_1_27' title="bbox 192 1739 1714 1800; baseline -0.003 -13"><span class='ocrx_word' id='word_1_224' title='bbox 192 1745 278 1787; x_wconf 86' lang='lat' dir='ltr'><strong>bus</strong></span> <span class='ocrx_word' id='word_1_225' title='bbox 297 1746 376 1795; x_wconf 61' lang='grc' dir='ltr'><strong>μὴν</strong></span> <span class='ocrx_word' id='word_1_226' title='bbox 405 1759 506 1787; x_wconf 84' lang='lat' dir='ltr'><strong>cum</strong></span> <span class='ocrx_word' id='word_1_227' title='bbox 537 1746 638 1787; x_wconf 87' lang='lat' dir='ltr'><strong>aliis</strong></span> <span class='ocrx_word' id='word_1_228' title='bbox 671 1744 906 1800; x_wconf 89' lang='lat' dir='ltr'><strong>particulis</strong></span> <span class='ocrx_word' id='word_1_229' title='bbox 941 1744 1239 1798; x_wconf 83' lang='lat' dir='ltr'><strong>conjungitur,</strong></span> <span class='ocrx_word' id='word_1_230' title='bbox 1271 1741 1383 1783; x_wconf 88' lang='lat' dir='ltr'><strong>nihil</strong></span> <span class='ocrx_word' id='word_1_231' title='bbox 1415 1741 1569 1791; x_wconf 87' lang='lat' dir='ltr'><strong>habeo,</strong></span> <span class='ocrx_word' id='word_1_232' title='bbox 1597 1739 1714 1793; x_wconf 88' lang='lat' dir='ltr'><strong>quod</strong></span> 
     </span>
     <span class='ocr_line' id='line_1_28' title="bbox 191 1798 1713 1857; baseline -0.004 -13"><span class='ocrx_word' id='word_1_233' title='bbox 191 1803 350 1845; x_wconf 87' lang='lat' dir='ltr'><strong>dicam.</strong></span> <span class='ocrx_word' id='word_1_234' title='bbox 411 1802 497 1844; x_wconf 89' lang='lat' dir='ltr'><strong>Sed</strong></span> <span class='ocrx_word' id='word_1_235' title='bbox 530 1815 727 1857; x_wconf 88' lang='lat' dir='ltr'><strong>quaerere</strong></span> <span class='ocrx_word' id='word_1_236' title='bbox 758 1802 1032 1845; x_wconf 87' lang='lat' dir='ltr'><strong>commodum</strong></span> <span class='ocrx_word' id='word_1_237' title='bbox 1065 1805 1148 1849; x_wconf 86' lang='lat' dir='ltr'><strong>est,</strong></span> <span class='ocrx_word' id='word_1_238' title='bbox 1180 1811 1312 1853; x_wconf 89' lang='lat' dir='ltr'><strong>quam</strong></span> <span class='ocrx_word' id='word_1_239' title='bbox 1343 1799 1432 1840; x_wconf 87' lang='lat' dir='ltr'><strong>vim</strong></span> <span class='ocrx_word' id='word_1_240' title='bbox 1465 1798 1628 1839; x_wconf 82' lang='lat' dir='ltr'><strong>habeat</strong></span> <span class='ocrx_word' id='word_1_241' title='bbox 1648 1798 1713 1839; x_wconf 88' lang='lat' dir='ltr'><strong>in-</strong></span> 
     </span>
     <span class='ocr_line' id='line_1_29' title="bbox 192 1854 1710 1913; baseline -0.005 -11"><span class='ocrx_word' id='word_1_242' title='bbox 192 1861 570 1913; x_wconf 87' lang='lat' dir='ltr'><strong>terrogationibus</strong></span> <span class='ocrx_word' id='word_1_243' title='bbox 591 1862 817 1902; x_wconf 83' lang='lat' dir='ltr'><strong>insertum.</strong></span> <span class='ocrx_word' id='word_1_244' title='bbox 879 1858 1077 1901; x_wconf 83' lang='lat' dir='ltr'><strong>Maxime</strong></span> <span class='ocrx_word' id='word_1_245' title='bbox 1112 1863 1257 1900; x_wconf 86' lang='lat' dir='ltr'><strong>autem</strong></span> <span class='ocrx_word' id='word_1_246' title='bbox 1290 1856 1500 1898; x_wconf 88' lang='lat' dir='ltr'><strong>notabilis</strong></span> <span class='ocrx_word' id='word_1_247' title='bbox 1529 1859 1594 1897; x_wconf 91' lang='lat' dir='ltr'><strong>est</strong></span> <span class='ocrx_word' id='word_1_248' title='bbox 1614 1854 1710 1903; x_wconf 88' lang='lat' dir='ltr'><strong>illa,</strong></span> 
     </span>
     <span class='ocr_line' id='line_1_30' title="bbox 192 1912 1712 1974; baseline -0.005 -14"><span class='ocrx_word' id='word_1_249' title='bbox 192 1931 285 1972; x_wconf 90' lang='lat' dir='ltr'><strong>qua</strong></span> <span class='ocrx_word' id='word_1_250' title='bbox 307 1919 551 1974; x_wconf 83' lang='lat' dir='ltr'><strong>saepissime</strong></span> <span class='ocrx_word' id='word_1_251' title='bbox 570 1918 712 1959; x_wconf 88' lang='lat' dir='ltr'><strong>utitur</strong></span> <span class='ocrx_word' id='word_1_252' title='bbox 732 1916 874 1965; x_wconf 86' lang='lat' dir='ltr'><strong>Plato,</strong></span> <span class='ocrx_word' id='word_1_253' title='bbox 904 1915 959 1958; x_wconf 86' lang='grc' dir='ltr'><strong>Τί</strong></span> <span class='ocrx_word' id='word_1_254' title='bbox 977 1916 1082 1965; x_wconf 71' lang='grc' dir='ltr'><strong>μηνὲ</strong></span> <span class='ocrx_word' id='word_1_255' title='bbox 1112 1915 1221 1958; x_wconf 87' lang='lat' dir='ltr'><strong>Eam</strong></span> <span class='ocrx_word' id='word_1_256' title='bbox 1252 1915 1444 1968; x_wconf 81' lang='lat' dir='ltr'><strong>graviter</strong></span> <span class='ocrx_word' id='word_1_257' title='bbox 1476 1912 1712 1960; x_wconf 87' lang='lat' dir='ltr'><strong>affirmare,</strong></span> 
     </span>
     <span class='ocr_line' id='line_1_31' title="bbox 195 1970 1712 2028; baseline -0.004 -11"><span class='ocrx_word' id='word_1_258' title='bbox 195 1988 325 2017; x_wconf 90' lang='lat' dir='ltr'><strong>nemo</strong></span> <span class='ocrx_word' id='word_1_259' title='bbox 347 1977 534 2018; x_wconf 88' lang='lat' dir='ltr'><strong>dubitat.</strong></span> <span class='ocrx_word' id='word_1_260' title='bbox 594 1973 832 2017; x_wconf 87' lang='lat' dir='ltr'><strong>Rationem</strong></span> <span class='ocrx_word' id='word_1_261' title='bbox 862 1973 1128 2028; x_wconf 85' lang='lat' dir='ltr'><strong>Hoogeveen</strong></span> <span class='ocrx_word' id='word_1_262' title='bbox 1158 1974 1205 2015; x_wconf 88' lang='lat' dir='ltr'><strong>in</strong></span> <span class='ocrx_word' id='word_1_263' title='bbox 1225 1972 1431 2028; x_wconf 91' lang='lat' dir='ltr'><strong>Epitome</strong></span> <span class='ocrx_word' id='word_1_264' title='bbox 1465 1970 1593 2012; x_wconf 81' lang='lat' dir='ltr'><strong>doctr.</strong></span> <span class='ocrx_word' id='word_1_265' title='bbox 1609 1983 1712 2026; x_wconf 80' lang='lat' dir='ltr'><strong>par-</strong></span> 
     </span>
     <span class='ocr_line' id='line_1_32' title="bbox 197 2027 1713 2088; baseline -0.005 -13"><span class='ocrx_word' id='word_1_266' title='bbox 197 2031 288 2075; x_wconf 78' lang='lat' dir='ltr'><strong>tice.</strong></span> <span class='ocrx_word' id='word_1_267' title='bbox 321 2047 363 2088; x_wconf 92' lang='lat' dir='ltr'><strong>p.</strong></span> <span class='ocrx_word' id='word_1_268' title='bbox 386 2033 485 2075; x_wconf 87' lang='lat'>811.</span> <span class='ocrx_word' id='word_1_269' title='bbox 516 2034 584 2075; x_wconf 91' lang='lat' dir='ltr'><strong>his</strong></span> <span class='ocrx_word' id='word_1_270' title='bbox 603 2034 750 2074; x_wconf 85' lang='lat' dir='ltr'><strong>verbis</strong></span> <span class='ocrx_word' id='word_1_271' title='bbox 770 2033 1051 2088; x_wconf 88' lang='lat' dir='ltr'><strong>persequitur</strong></span> <span class='ocrx_word' id='word_1_272' title='bbox 1070 2046 1079 2073; x_wconf 91' lang='lat'>:</span> <span class='ocrx_word' id='word_1_273' title='bbox 1132 2037 1162 2056; x_wconf 87' lang='lat'><strong><em>“</em></strong></span> <span class='ocrx_word' id='word_1_274' title='bbox 1186 2029 1240 2072; x_wconf 85' lang='grc' dir='ltr'><strong>Τι’</strong></span> <span class='ocrx_word' id='word_1_275' title='bbox 1258 2031 1375 2072; x_wconf 90' lang='lat' dir='ltr'><strong>enim</strong></span> <span class='ocrx_word' id='word_1_276' title='bbox 1398 2027 1713 2081; x_wconf 82' lang='lat' dir='ltr'><strong>interrogando</strong></span> 
     </span>
     <span class='ocr_line' id='line_1_33' title="bbox 196 2085 1713 2145; baseline -0.005 -12"><span class='ocrx_word' id='word_1_277' title='bbox 196 2097 229 2117; x_wconf 87' lang='lat'><strong>“</strong></span> <span class='ocrx_word' id='word_1_278' title='bbox 260 2091 494 2145; x_wconf 81' lang='lat' dir='ltr'><strong>significat,</strong></span> <span class='ocrx_word' id='word_1_279' title='bbox 523 2091 830 2133; x_wconf 90' lang='lat' dir='ltr'><strong>nihilomnino</strong></span> <span class='ocrx_word' id='word_1_280' title='bbox 849 2091 1089 2144; x_wconf 83' lang='lat' dir='ltr'><strong>excogitari</strong></span> <span class='ocrx_word' id='word_1_281' title='bbox 1108 2101 1256 2144; x_wconf 87' lang='lat' dir='ltr'><strong>posse,</strong></span> <span class='ocrx_word' id='word_1_282' title='bbox 1285 2087 1402 2142; x_wconf 91' lang='lat' dir='ltr'><strong>quod</strong></span> <span class='ocrx_word' id='word_1_283' title='bbox 1426 2085 1713 2141; x_wconf 72' lang='lat' dir='ltr'><strong>praecedenti-</strong></span> 
     </span>
     <span class='ocr_line' id='line_1_34' title="bbox 197 2143 1713 2201; baseline -0.005 -10"><span class='ocrx_word' id='word_1_284' title='bbox 197 2154 229 2175; x_wconf 90' lang='lat'><strong>“</strong></span> <span class='ocrx_word' id='word_1_285' title='bbox 263 2149 345 2191; x_wconf 89' lang='lat' dir='ltr'><strong>bus</strong></span> <span class='ocrx_word' id='word_1_286' title='bbox 363 2150 634 2200; x_wconf 86' lang='lat' dir='ltr'><strong>adversetur,</strong></span> <span class='ocrx_word' id='word_1_287' title='bbox 664 2148 710 2189; x_wconf 90' lang='lat' dir='ltr'><strong>id</strong></span> <span class='ocrx_word' id='word_1_288' title='bbox 739 2149 854 2201; x_wconf 89' lang='lat' dir='ltr'><strong>quod</strong></span> <span class='ocrx_word' id='word_1_289' title='bbox 876 2148 921 2188; x_wconf 77' lang='grc' dir='ltr'><strong>τὸ</strong></span> <span class='ocrx_word' id='word_1_290' title='bbox 957 2147 1035 2196; x_wconf 65' lang='grc' dir='ltr'><strong>μὴν</strong></span> <span class='ocrx_word' id='word_1_291' title='bbox 1064 2146 1276 2189; x_wconf 86' lang='lat' dir='ltr'><strong>stabilit.”</strong></span> <span class='ocrx_word' id='word_1_292' title='bbox 1333 2144 1419 2187; x_wconf 89' lang='lat' dir='ltr'><strong>Sed</strong></span> <span class='ocrx_word' id='word_1_293' title='bbox 1437 2143 1713 2185; x_wconf 74' lang='lat' dir='ltr'><strong>deinde‘ver-</strong></span> 
     </span>
     <span class='ocr_line' id='line_1_35' title="bbox 195 2197 1717 2262; baseline -0.004 -14"><span class='ocrx_word' id='word_1_294' title='bbox 195 2207 257 2249; x_wconf 86' lang='lat' dir='ltr'><strong>tit</strong></span> <span class='ocrx_word' id='word_1_295' title='bbox 288 2213 318 2233; x_wconf 84' lang='lat'><strong>‘⁶</strong></span> <span class='ocrx_word' id='word_1_296' title='bbox 344 2205 545 2254; x_wconf 76' lang='lat' dir='ltr'><strong>Quidni?</strong></span> <span class='ocrx_word' id='word_1_297' title='bbox 584 2219 622 2248; x_wconf 86' lang='lat' dir='ltr'><strong>s.</strong></span> <span class='ocrx_word' id='word_1_298' title='bbox 656 2204 777 2253; x_wconf 72' lang='lat' dir='ltr'><strong>Quid</strong></span> <span class='ocrx_word' id='word_1_299' title='bbox 810 2203 1008 2262; x_wconf 75' lang='lat' dir='ltr'><strong>impedit,</strong></span> <span class='ocrx_word' id='word_1_300' title='bbox 1041 2218 1123 2261; x_wconf 84' lang='lat' dir='ltr'><strong>quo</strong></span> <span class='ocrx_word' id='word_1_301' title='bbox 1155 2203 1297 2246; x_wconf 75' lang='lat' dir='ltr'><strong>minus</strong></span> <span class='ocrx_word' id='word_1_302' title='bbox 1325 2201 1403 2244; x_wconf 76' lang='lat' dir='ltr'><strong>hoc</strong></span> <span class='ocrx_word' id='word_1_303' title='bbox 1432 2200 1497 2244; x_wconf 82' lang='lat' dir='ltr'><strong>ita</strong></span> <span class='ocrx_word' id='word_1_304' title='bbox 1514 2201 1561 2244; x_wconf 86' lang='lat'><strong>?&#39;’</strong></span> <span class='ocrx_word' id='word_1_305' title='bbox 1618 2197 1717 2242; x_wconf 88' lang='lat' dir='ltr'><strong>Hoc</strong></span> 
     </span>
     <span class='ocr_line' id='line_1_36' title="bbox 196 2257 1714 2317; baseline -0.005 -11"><span class='ocrx_word' id='word_1_306' title='bbox 196 2265 320 2306; x_wconf 88' lang='lat' dir='ltr'><strong>ducit</strong></span> <span class='ocrx_word' id='word_1_307' title='bbox 340 2266 389 2306; x_wconf 90' lang='lat' dir='ltr'><strong>in</strong></span> <span class='ocrx_word' id='word_1_308' title='bbox 404 2276 611 2307; x_wconf 88' lang='lat' dir='ltr'><strong>errorem.</strong></span> <span class='ocrx_word' id='word_1_309' title='bbox 669 2263 786 2305; x_wconf 90' lang='lat' dir='ltr'><strong>Nam</strong></span> <span class='ocrx_word' id='word_1_310' title='bbox 805 2264 842 2304; x_wconf 88' lang='lat' dir='ltr'><strong>si</strong></span> <span class='ocrx_word' id='word_1_311' title='bbox 866 2261 1036 2310; x_wconf 75' lang='lat' dir='ltr'><strong>Quidm·</strong></span> <span class='ocrx_word' id='word_1_312' title='bbox 1054 2262 1305 2317; x_wconf 86' lang='lat' dir='ltr'><strong>probamus,</strong></span> <span class='ocrx_word' id='word_1_313' title='bbox 1335 2272 1500 2314; x_wconf 85' lang='lat' dir='ltr'><strong>quaero,</strong></span> <span class='ocrx_word' id='word_1_314' title='bbox 1520 2257 1598 2300; x_wconf 90' lang='lat' dir='ltr'><strong>ubi</strong></span> <span class='ocrx_word' id='word_1_315' title='bbox 1619 2269 1714 2299; x_wconf 86' lang='lat' dir='ltr'><strong>ves·</strong></span> 
     </span>
     <span class='ocr_line' id='line_1_37' title="bbox 196 2313 1714 2376; baseline -0.005 -12"><span class='ocrx_word' id='word_1_316' title='bbox 196 2322 359 2376; x_wconf 83' lang='lat' dir='ltr'><strong>tigium</strong></span> <span class='ocrx_word' id='word_1_317' title='bbox 380 2323 439 2364; x_wconf 89' lang='lat' dir='ltr'><strong>sit</strong></span> <span class='ocrx_word' id='word_1_318' title='bbox 454 2322 732 2376; x_wconf 76' lang='lat' dir='ltr'><strong>negationis?</strong></span> <span class='ocrx_word' id='word_1_319' title='bbox 764 2322 833 2362; x_wconf 89' lang='lat' dir='ltr'><strong>sin</strong></span> <span class='ocrx_word' id='word_1_320' title='bbox 854 2321 1057 2367; x_wconf 90' lang='lat' dir='ltr'><strong>alterum,</strong></span> <span class='ocrx_word' id='word_1_321' title='bbox 1090 2318 1210 2368; x_wconf 76' lang='lat' dir='ltr'><strong>Quid</strong></span> <span class='ocrx_word' id='word_1_322' title='bbox 1242 2317 1367 2374; x_wconf 65' lang='lat' dir='ltr'><strong>imp„</strong></span> <span class='ocrx_word' id='word_1_323' title='bbox 1404 2331 1444 2373; x_wconf 87' lang='lat' dir='ltr'><strong>q.</strong></span> <span class='ocrx_word' id='word_1_324' title='bbox 1477 2326 1534 2357; x_wconf 81' lang='lat' dir='ltr'><strong>m.</strong></span> <span class='ocrx_word' id='word_1_325' title='bbox 1567 2313 1609 2357; x_wconf 84' lang='grc' dir='ltr'><strong>Ιι.</strong></span> <span class='ocrx_word' id='word_1_326' title='bbox 1632 2313 1714 2363; x_wconf 81' lang='lat' dir='ltr'><strong>ita,</strong></span> 
     </span>
     <span class='ocr_line' id='line_1_38' title="bbox 198 2369 1718 2434; baseline -0.005 -14"><span class='ocrx_word' id='word_1_327' title='bbox 198 2381 416 2432; x_wconf 90' lang='lat' dir='ltr'><strong>quomodo</strong></span> <span class='ocrx_word' id='word_1_328' title='bbox 452 2381 630 2434; x_wconf 90' lang='lat' dir='ltr'><strong>ellipsin</strong></span> <span class='ocrx_word' id='word_1_329' title='bbox 665 2379 787 2420; x_wconf 89' lang='lat' dir='ltr'><strong>verbi</strong></span> <span class='ocrx_word' id='word_1_330' title='bbox 818 2380 972 2419; x_wconf 81' lang='grc' dir='ltr'>κωλύειν</span> <span class='ocrx_word' id='word_1_331' title='bbox 1002 2375 1246 2433; x_wconf 78' lang='lat' dir='ltr'><strong>(impedire)</strong></span> <span class='ocrx_word' id='word_1_332' title='bbox 1279 2374 1592 2417; x_wconf 77' lang='lat' dir='ltr'><strong>defendemus?</strong></span> <span class='ocrx_word' id='word_1_333' title='bbox 1622 2369 1718 2430; x_wconf 83' lang='lat' dir='ltr'><strong>Fir-¹</strong></span> 
     </span>
     <span class='ocr_line' id='line_1_39' title="bbox 199 2430 1714 2493; baseline -0.006 -14"><span class='ocrx_word' id='word_1_334' title='bbox 199 2442 295 2479; x_wconf 89' lang='lat' dir='ltr'><strong>mat</strong></span> <span class='ocrx_word' id='word_1_335' title='bbox 314 2438 407 2493; x_wconf 88' lang='lat' dir='ltr'><strong>ipse</strong></span> <span class='ocrx_word' id='word_1_336' title='bbox 425 2439 688 2480; x_wconf 89' lang='lat' dir='ltr'><strong>sententiam</strong></span> <span class='ocrx_word' id='word_1_337' title='bbox 710 2449 835 2477; x_wconf 88' lang='lat' dir='ltr'><strong>suam</strong></span> <span class='ocrx_word' id='word_1_338' title='bbox 856 2435 1001 2476; x_wconf 88' lang='lat' dir='ltr'><strong>verbis</strong></span> <span class='ocrx_word' id='word_1_339' title='bbox 1026 2434 1222 2476; x_wconf 87' lang='lat' dir='ltr'><strong>Platonis</strong></span> <span class='ocrx_word' id='word_1_340' title='bbox 1244 2433 1323 2474; x_wconf 93' lang='lat' dir='ltr'><strong>lib.</strong></span> <span class='ocrx_word' id='word_1_341' title='bbox 1341 2433 1417 2474; x_wconf 87' lang='lat' dir='ltr'><strong>vii.</strong></span> <span class='ocrx_word' id='word_1_342' title='bbox 1444 2431 1498 2472; x_wconf 91' lang='lat' dir='ltr'><strong>de</strong></span> <span class='ocrx_word' id='word_1_343' title='bbox 1512 2443 1606 2486; x_wconf 87' lang='lat' dir='ltr'><strong>rep.</strong></span> <span class='ocrx_word' id='word_1_344' title='bbox 1630 2430 1714 2483; x_wconf 76' lang='lat' dir='ltr'><strong>vol.</strong></span> 
     </span>
     <span class='ocr_line' id='line_1_40' title="bbox 200 2485 1718 2550; baseline -0.006 -14"><span class='ocrx_word' id='word_1_345' title='bbox 200 2496 282 2536; x_wconf 81' lang='lat' dir='ltr'><strong>vii.</strong></span> <span class='ocrx_word' id='word_1_346' title='bbox 301 2508 344 2550; x_wconf 92' lang='lat' dir='ltr'><strong>p.</strong></span> <span class='ocrx_word' id='word_1_347' title='bbox 374 2495 440 2536; x_wconf 88' lang='lat' dir='ltr'><strong>ll.</strong></span> <span class='ocrx_word' id='word_1_348' title='bbox 474 2494 627 2536; x_wconf 77' lang='grc' dir='ltr'>Οὐκοῦν</span> <span class='ocrx_word' id='word_1_349' title='bbox 658 2492 758 2535; x_wconf 70' lang='grc' dir='ltr'>ἄλλο</span> <span class='ocrx_word' id='word_1_350' title='bbox 778 2492 841 2533; x_wconf 72' lang='grc' dir='ltr'><strong>καὶ</strong></span> <span class='ocrx_word' id='word_1_351' title='bbox 858 2494 962 2548; x_wconf 66' lang='grc' dir='ltr'><em>’ἔργον</em></span> <span class='ocrx_word' id='word_1_352' title='bbox 984 2494 1148 2548; x_wconf 75' lang='grc' dir='ltr'><em>ἑκατέρῳ</em></span> <span class='ocrx_word' id='word_1_353' title='bbox 1175 2490 1356 2545; x_wconf 68' lang='grc' dir='ltr'>προσήκει</span> <span class='ocrx_word' id='word_1_354' title='bbox 1376 2490 1657 2546; x_wconf 51' lang='lat' dir='ltr'><strong>‘apocrifi-ems</strong></span> <span class='ocrx_word' id='word_1_355' title='bbox 1673 2485 1718 2528; x_wconf 75' lang='grc' dir='ltr'><strong>τὸ</strong></span> 
     </span>
     <span class='ocr_line' id='line_1_41' title="bbox 202 2544 1719 2605; baseline -0.005 -12"><span class='ocrx_word' id='word_1_356' title='bbox 202 2552 308 2593; x_wconf 70' lang='grc' dir='ltr'><strong><em>κατὰ</em></strong></span> <span class='ocrx_word' id='word_1_357' title='bbox 328 2553 398 2595; x_wconf 70' lang='grc' dir='ltr'><strong>τὴν</strong></span> <span class='ocrx_word' id='word_1_358' title='bbox 415 2554 533 2594; x_wconf 76' lang='grc' dir='ltr'>αὑτοῦ</span> <span class='ocrx_word' id='word_1_359' title='bbox 552 2554 670 2604; x_wconf 81' lang='grc' dir='ltr'><em>φύσιν.</em></span> <span class='ocrx_word' id='word_1_360' title='bbox 696 2552 722 2591; x_wconf 90' lang='lat' dir='ltr'><strong>i.</strong></span> <span class='ocrx_word' id='word_1_361' title='bbox 742 2565 777 2592; x_wconf 89' lang='lat' dir='ltr'><strong>e.</strong></span> <span class='ocrx_word' id='word_1_362' title='bbox 801 2550 916 2605; x_wconf 83' lang='lat' dir='ltr'><strong>Ergo</strong></span> <span class='ocrx_word' id='word_1_363' title='bbox 936 2555 976 2590; x_wconf 80' lang='lat' dir='ltr'><strong>et</strong></span> <span class='ocrx_word' id='word_1_364' title='bbox 997 2549 1180 2591; x_wconf 65' lang='lat' dir='ltr'><strong>dim-sos</strong></span> <span class='ocrx_word' id='word_1_365' title='bbox 1214 2547 1376 2590; x_wconf 77' lang='lat' dir='ltr'><strong>labores</strong></span> <span class='ocrx_word' id='word_1_366' title='bbox 1403 2545 1572 2602; x_wconf 74' lang='lat' dir='ltr'><strong>utrique</strong></span> <span class='ocrx_word' id='word_1_367' title='bbox 1604 2544 1719 2599; x_wconf 84' lang='lat' dir='ltr'><strong>(viro</strong></span> 
     </span>
     <span class='ocr_line' id='line_1_42' title="bbox 202 2603 1715 2665; baseline -0.006 -14"><span class='ocrx_word' id='word_1_368' title='bbox 202 2613 250 2650; x_wconf 87' lang='lat' dir='ltr'><strong>et</strong></span> <span class='ocrx_word' id='word_1_369' title='bbox 270 2610 462 2665; x_wconf 84' lang='lat' dir='ltr'><strong>mulieri)</strong></span> <span class='ocrx_word' id='word_1_370' title='bbox 481 2614 641 2665; x_wconf 75' lang='lat' dir='ltr'><strong>oportet</strong></span> <span class='ocrx_word' id='word_1_371' title='bbox 670 2607 899 2663; x_wconf 71' lang='lat' dir='ltr'><strong>assignari,</strong></span> <span class='ocrx_word' id='word_1_372' title='bbox 936 2606 1012 2663; x_wconf 80' lang='lat' dir='ltr'><strong>qui</strong></span> <span class='ocrx_word' id='word_1_373' title='bbox 1041 2605 1293 2648; x_wconf 75' lang='lat' dir='ltr'><strong>conveniant</strong></span> <span class='ocrx_word' id='word_1_374' title='bbox 1309 2603 1525 2660; x_wconf 78' lang='lat' dir='ltr'><strong>utriusque</strong></span> <span class='ocrx_word' id='word_1_375' title='bbox 1541 2608 1715 2644; x_wconf 76' lang='lat' dir='ltr'><strong>natum.</strong></span> 
     </span>
     <span class='ocr_line' id='line_1_43' title="bbox 203 2659 1717 2721; baseline -0.005 -13"><span class='ocrx_word' id='word_1_376' title='bbox 203 2666 458 2721; x_wconf 86' lang='lat' dir='ltr'><strong>Respondet</strong></span> <span class='ocrx_word' id='word_1_377' title='bbox 479 2667 591 2708; x_wconf 90' lang='lat' dir='ltr'><strong>alter</strong></span> <span class='ocrx_word' id='word_1_378' title='bbox 606 2664 662 2706; x_wconf 87' lang='grc' dir='ltr'><strong>Τί</strong></span> <span class='ocrx_word' id='word_1_379' title='bbox 680 2666 790 2713; x_wconf 62' lang='lat' dir='ltr'><strong>miv?</strong></span> <span class='ocrx_word' id='word_1_380' title='bbox 824 2667 867 2706; x_wconf 92' lang='lat' dir='ltr'><strong>h.</strong></span> <span class='ocrx_word' id='word_1_381' title='bbox 891 2678 926 2707; x_wconf 86' lang='lat' dir='ltr'><strong>e.</strong></span> <span class='ocrx_word' id='word_1_382' title='bbox 968 2663 1088 2712; x_wconf 76' lang='lat' dir='ltr'><strong>Quid</strong></span> <span class='ocrx_word' id='word_1_383' title='bbox 1120 2677 1216 2705; x_wconf 82' lang='lat' dir='ltr'><strong>vero</strong></span> <span class='ocrx_word' id='word_1_384' title='bbox 1236 2667 1254 2706; x_wconf 86' lang='lat'><strong><em>?</em></strong></span> <span class='ocrx_word' id='word_1_385' title='bbox 1289 2662 1339 2704; x_wconf 89' lang='lat' dir='ltr'><strong>In</strong></span> <span class='ocrx_word' id='word_1_386' title='bbox 1373 2676 1425 2704; x_wconf 85' lang='lat' dir='ltr'><strong>eo</strong></span> <span class='ocrx_word' id='word_1_387' title='bbox 1444 2674 1543 2702; x_wconf 92' lang='lat' dir='ltr'><strong>cum</strong></span> <span class='ocrx_word' id='word_1_388' title='bbox 1565 2661 1630 2701; x_wconf 88' lang='lat' dir='ltr'><strong>vis</strong></span> <span class='ocrx_word' id='word_1_389' title='bbox 1650 2659 1717 2700; x_wconf 73' lang='lat' dir='ltr'><strong>af&#39;-</strong></span> 
     </span>
     <span class='ocr_line' id='line_1_44' title="bbox 203 2716 1720 2774; baseline -0.007 -7"><span class='ocrx_word' id='word_1_390' title='bbox 203 2725 462 2766; x_wconf 84' lang='lat' dir='ltr'><strong>firmationis</strong></span> <span class='ocrx_word' id='word_1_391' title='bbox 495 2725 618 2770; x_wconf 87' lang='lat' dir='ltr'><strong>insit,</strong></span> <span class='ocrx_word' id='word_1_392' title='bbox 669 2723 913 2765; x_wconf 87' lang='lat' dir='ltr'><strong>necessario</strong></span> <span class='ocrx_word' id='word_1_393' title='bbox 952 2722 1284 2774; x_wconf 86' lang='lat' dir='ltr'><strong>intelligendum</strong></span> <span class='ocrx_word' id='word_1_394' title='bbox 1314 2724 1381 2762; x_wconf 90' lang='lat' dir='ltr'><strong>est</strong></span> <span class='ocrx_word' id='word_1_395' title='bbox 1412 2718 1599 2772; x_wconf 85' lang='lat' dir='ltr'><strong>simplex</strong></span> <span class='ocrx_word' id='word_1_396' title='bbox 1626 2716 1720 2758; x_wconf 89' lang='lat' dir='ltr'><strong>sive</strong></span> 
     </span>
     <span class='ocr_line' id='line_1_45' title="bbox 202 2773 1717 2836; baseline -0.006 -13"><span class='ocrx_word' id='word_1_397' title='bbox 202 2783 406 2836; x_wconf 83' lang='lat' dir='ltr'><strong>generale</strong></span> <span class='ocrx_word' id='word_1_398' title='bbox 445 2781 660 2836; x_wconf 89' lang='lat' dir='ltr'><strong>quoddam</strong></span> <span class='ocrx_word' id='word_1_399' title='bbox 698 2781 897 2828; x_wconf 88' lang='lat' dir='ltr'><strong>verbum,</strong></span> <span class='ocrx_word' id='word_1_400' title='bbox 933 2780 1049 2832; x_wconf 88' lang='lat' dir='ltr'><strong>quod</strong></span> <span class='ocrx_word' id='word_1_401' title='bbox 1093 2782 1139 2820; x_wconf 92' lang='lat' dir='ltr'><strong>et</strong></span> <span class='ocrx_word' id='word_1_402' title='bbox 1177 2779 1284 2820; x_wconf 88' lang='lat' dir='ltr'><strong>alibi</strong></span> <span class='ocrx_word' id='word_1_403' title='bbox 1325 2778 1586 2821; x_wconf 86' lang='lat' dir='ltr'><strong>omittatur;</strong></span> <span class='ocrx_word' id='word_1_404' title='bbox 1618 2773 1717 2815; x_wconf 86' lang='lat' dir='ltr'><strong>dico</strong></span> 
     </span>
     <span class='ocr_line' id='line_1_46' title="bbox 203 2830 1721 2894; baseline -0.006 -14"><span class='ocrx_word' id='word_1_405' title='bbox 203 2853 362 2894; x_wconf 88' lang='lat' dir='ltr'><strong>nempe</strong></span> <span class='ocrx_word' id='word_1_406' title='bbox 390 2836 576 2878; x_wconf 88' lang='grc' dir='ltr'><strong>ΑΛΛΟ.</strong></span> <span class='ocrx_word' id='word_1_407' title='bbox 640 2837 714 2878; x_wconf 87' lang='lat' dir='ltr'><strong>Sic</strong></span> <span class='ocrx_word' id='word_1_408' title='bbox 747 2843 792 2879; x_wconf 92' lang='lat' dir='ltr'><strong>et</strong></span> <span class='ocrx_word' id='word_1_409' title='bbox 821 2838 875 2879; x_wconf 91' lang='lat' dir='ltr'><strong>ad</strong></span> <span class='ocrx_word' id='word_1_410' title='bbox 910 2835 965 2877; x_wconf 87' lang='grc' dir='ltr'><strong>Τί</strong></span> <span class='ocrx_word' id='word_1_411' title='bbox 994 2837 1067 2891; x_wconf 69' lang='grc' dir='ltr'><strong>γὰρ</strong></span> <span class='ocrx_word' id='word_1_412' title='bbox 1103 2837 1178 2877; x_wconf 88' lang='lat' dir='ltr'><strong>ille</strong></span> <span class='ocrx_word' id='word_1_413' title='bbox 1213 2836 1389 2890; x_wconf 89' lang='lat' dir='ltr'><strong>supplet</strong></span> <span class='ocrx_word' id='word_1_414' title='bbox 1406 2835 1541 2874; x_wconf 81' lang='grc' dir='ltr'>κωλύει</span> <span class='ocrx_word' id='word_1_415' title='bbox 1562 2830 1721 2894; x_wconf 23' lang='grc' dir='ltr'>ἱηκὸο-</span> 
     </span>
     <span class='ocr_line' id='line_1_47' title="bbox 202 2886 1718 2954; baseline -0.007 -14"><span class='ocrx_word' id='word_1_416' title='bbox 202 2899 353 2954; x_wconf 88' lang='lat' dir='ltr'><strong>phista</strong></span> <span class='ocrx_word' id='word_1_417' title='bbox 375 2894 572 2937; x_wconf 87' lang='lat' dir='ltr'><strong>Platonis</strong></span> <span class='ocrx_word' id='word_1_418' title='bbox 606 2907 651 2948; x_wconf 93' lang='lat' dir='ltr'><strong>p.</strong></span> <span class='ocrx_word' id='word_1_419' title='bbox 690 2894 788 2936; x_wconf 70' lang='lat'><strong>231.</strong></span> <span class='ocrx_word' id='word_1_420' title='bbox 826 2907 925 2936; x_wconf 89' lang='lat' dir='ltr'><strong>cum</strong></span> <span class='ocrx_word' id='word_1_421' title='bbox 956 2894 1130 2936; x_wconf 86' lang='lat' dir='ltr'><strong>facilius</strong></span> <span class='ocrx_word' id='word_1_422' title='bbox 1164 2893 1422 2947; x_wconf 86' lang='lat' dir='ltr'><strong>suppleatur</strong></span> <span class='ocrx_word' id='word_1_423' title='bbox 1451 2888 1576 2930; x_wconf 70' lang='grc' dir='ltr'>ἄλλοι</span> <span class='ocrx_word' id='word_1_424' title='bbox 1610 2886 1718 2944; x_wconf 76' lang='lat' dir='ltr'><strong>quid</strong></span> 
     </span>
     <span class='ocr_line' id='line_1_48' title="bbox 204 2946 1718 3010; baseline -0.009 -9"><span class='ocrx_word' id='word_1_425' title='bbox 204 2955 318 3001; x_wconf 75' lang='lat' dir='ltr'><strong>enim</strong></span> <span class='ocrx_word' id='word_1_426' title='bbox 339 2951 463 2997; x_wconf 79' lang='lat' dir='ltr'><strong>aliud</strong></span> <span class='ocrx_word' id='word_1_427' title='bbox 490 2951 640 3010; x_wconf 76' lang='lat' dir='ltr'><strong>potius</strong></span> <span class='ocrx_word' id='word_1_428' title='bbox 677 2951 901 2995; x_wconf 73' lang='lat' dir='ltr'><strong>dicamus?</strong></span> <span class='ocrx_word' id='word_1_429' title='bbox 960 2949 1056 2994; x_wconf 88' lang='lat' dir='ltr'><strong>Hoc</strong></span> <span class='ocrx_word' id='word_1_430' title='bbox 1076 2953 1292 3007; x_wconf 86' lang='lat' dir='ltr'><strong>optimum</strong></span> <span class='ocrx_word' id='word_1_431' title='bbox 1310 2949 1482 2992; x_wconf 86' lang='lat' dir='ltr'><strong>videtur</strong></span> <span class='ocrx_word' id='word_1_432' title='bbox 1502 2947 1548 2989; x_wconf 86' lang='lat' dir='ltr'><strong>in</strong></span> <span class='ocrx_word' id='word_1_433' title='bbox 1575 2946 1718 2989; x_wconf 86' lang='lat' dir='ltr'><strong>omni-</strong></span> 
     </span>
    </p>
   </div>
  </div>
 </body>
</html>
