1838 3164
171 100 251 144 120
493 107 817 149 PLEONASMI
845 103 1338 148 CONJUNCTIONUM„

169 221 329 263 ticulas
350 222 539 264 inclusas
571 222 750 271 habent,
777 223 873 276 jam
906 235 993 264 non
1023 233 1132 276 opus
1165 223 1231 261 est
1258 223 1309 262 ut
1330 218 1589 272 singulatim
1616 218 1683 260 di-

167 291 280 320 cam.

229 335 272 378 5.
305 334 356 377 In
376 339 603 382 nectendis
624 339 853 393 adJectivis
885 350 986 379 cum
1021 339 1158 378 antec.
1193 335 1330 375 πολλοὶ
1359 335 1546 376 otiosum
1578 346 1684 387 quo-

172 394 406 436 dammodo
430 391 577 435 h'aheri
617 397 680 437 aa)
713 399 872 447 potest.
933 393 1163 444 Leguntur
1194 405 1352 446 nempe
1373 393 1515 434 multa
1535 392 1686 445 hujus-

173 452 320 494 modi:
353 451 491 492 πολλοὶ
523 449 590 492 καὶ
622 450 770 506 πονηραὶ
791 451 926 497 ποιεῖν,
957 465 1007 490 w.
1043 467 1080 489 κ.
1101 449 1206 490 καλαὶ
1226 448 1454 497 κεκτῆόθαι,
1485 450 1539 490 de
1559 450 1689 491 rebus

170 509 391 564 jucundis,
412 509 663 562 injucundis
682 522 693 555 ;
724 507 953 562 turpibus,
978 507 1172 548 honestis
1194 511 1277 548 etc.
1301 507 1353 548 de
1374 520 1463 560 qua
1482 507 1689 559 loquendi

173 568 319 610 forma
353 566 446 607 dixi
481 567 538 607 ad
575 564 687 608 Xen.
728 563 914 606 Memor.
952 565 997 606 ii.
1031 564 1074 612 9,
1107 564 1147 605 6.
1209 564 1310 607 Non
1341 565 1545 618 placebat
1576 565 1687 607 mihi

174 626 282 666 olim
305 621 464 665 Zeunii
486 624 723 678 explicatio
753 623 810 663 ad
846 621 947 676 Cyri
969 621 1089 664 Disc.
1126 624 1182 664 iv.
1220 622 1264 670 5,
1307 623 1371 664 15.
1401 621 1539 664 multa
1557 635 1692 679 eaque

177 681 320 734 bona5
362 697 412 722 w.
445 700 484 723 κ.
517 681 676 731 α’«γαθαέε
711 681 788 722 sed
819 685 885 722 est
921 683 1038 721 certe
1069 681 1431 734 simplicissima;
1465 681 1593 722 modo
1633 681 1690 728 is,

177 741 255 793 qui
277 739 447 794 primus
466 740 555 781 tale
576 739 681 792 quid
700 739 830 786 dixit,
860 738 1044 780 verbum
1075 738 1344 787 adhibuerit,
1375 751 1462 791 quo
1483 740 1580 792 ipso
1602 751 1692 780 am-

177 797 365 851 biguum
401 797 537 838 πολλοὶ
571 797 844 844 definiretur,
875 801 925 837 ut
957 797 1095 836 πολλοὶ
1119 827 1128 837 .
1151 827 1161 836 .
1188 827 1197 836 .
1215 794 1442 851 ἐδωρήσατο.
1503 795 1692 849 Poterat,

180 856 259 897 ille
278 860 372 896 tum
394 855 673 908 interponere
709 854 773 894 καὶ
803 854 907 895 καλαὶ
929 867 980 895 eo
1011 867 1160 901 sensu,
1196 867 1284 906 quo
1321 851 1513 895 Zeunius
1549 855 1695 908 capie-

175 913 272 961 bat,
304 925 439 968 eaque
464 911 657 969 pulchra.
720 911 838 953 Nam
874 911 1071 953 donandi
1107 911 1237 954 verbo
1267 912 1359 964 jam
1392 912 1696 963 significantur

175 984 244 1013 res
265 971 405 1017 bonae,
437 975 487 1011 ut
521 983 618 1023 quae
639 969 748 1012 dono
782 970 879 1011 dari
900 971 1083 1011 soleant.
1144 967 1261 1010 Loca
1279 969 1445 1010 talibus
1466 970 1611 1010 verbis
1631 970 1697 1011 in-

177 1029 325 1081 signia
345 1031 449 1068 sunt
470 1026 681 1070 Herodot.
715 1028 775 1068 ix.
812 1028 879 1069 37.
911 1026 1149 1068 πεπονθότες
1179 1027 1317 1067 πολλοὶ
1345 1043 1386 1067 τε
1421 1025 1484 1067 καὶ
1515 1028 1695 1082 ἀνάρσιαε

179 1090 226 1127 et
246 1087 466 1133 πεισόμενος
485 1101 527 1126 π.
554 1103 595 1126 τε
626 1084 689 1126 καὶ
720 1087 860 1141 λυγρά.
922 1084 1052 1126 Paus.
1087 1086 1154 1126 iii.
1176 1084 1220 1126 3.
1250 1082 1508 1125 Ἀποὲανόντι
1535 1084 1574 1125 δὲ
1593 1088 1700 1142 αὐτῷ

179 1142 431 1198 (Polydoro)
453 1144 591 1183 πολλοὶ
621 1161 663 1183 τε
694 1143 801 1199 παραὶ
829 1142 1136 1192 Λακεδαιμονίων
1171 1141 1316 1187 δέδοται
1351 1142 1415 1183 καὶ
1447 1139 1629 1191 ἀξιόλογα
1655 1144 1703 1186 ,ἐς

181 1201 314 1249 τιμήν.
375 1198 433 1241 Et
451 1201 514 1241 iii.
533 1199 572 1241 6.
594 1202 727 1242 πολλοὶ
744 1218 785 1241 τε
807 1200 870 1242 καὶ
889 1199 1020 1256 ἐχθροὶ
1040 1205 1076 1241 ἐς
1093 1199 1163 1242 τὴν
1179 1199 1347 1255 πατρίδα
1367 1201 1572 1247 ἐτόλμησε.
1633 1199 1702 1242 De

182 1259 357 1311 reliquo
391 1259 474 1299 etsi
511 1259 600 1302 haec
627 1259 742 1299 ratio
774 1259 1081 1300 intercedentis
1111 1258 1278 1311 copulae
1319 1259 1516 1311 paullum
1556 1257 1702 1300 immi-

182 1316 280 1357 nuit
300 1316 610 1363 subtilitatem,
642 1319 792 1357 tamen
814 1317 857 1356 in
881 1329 1012 1357 usum
1035 1317 1286 1356 introducta
1306 1316 1538 1368 gravitatis
1558 1317 1703 1370 specie

182 1374 362 1428 probari
396 1374 558 1427 potuit.
620 1372 746 1414 Certe
768 1374 916 1428 ipsum
936 1373 1085 1420 πολλοὶ,
1116 1374 1324 1425 quoniam
1350 1374 1580 1414 obscurum
1616 1378 1700 1423 est,

181 1431 429 1485 phantasiae
458 1431 603 1472 nescio
637 1430 739 1482 quid
784 1444 993 1483 magnum
1031 1431 1257 1484 proponit,
1288 1433 1333 1470 et
1363 1429 1426 1470 καὶ
1463 1431 1590 1482 quasi
1628 1443 1702 1472 eu-

182 1489 294 1529 muli
326 1488 421 1530 loco
455 1489 554 1528 novi
586 1488 691 1540 quid
713 1487 870 1529 afferre
891 1489 1077 1536 videtur,
1107 1500 1207 1528 cum
1226 1490 1374 1528 tamen
1397 1488 1458 1535 id,
1488 1488 1605 1541 quod
1636 1501 1703 1530 se-

182 1546 351 1598 quitur,
374 1545 433 1587 sit
453 1546 844 1599 pernecessarium,
884 1559 963 1587 nec
984 1547 1078 1586 sine
1099 1558 1151 1586 eo
1171 1546 1310 1599 possit
1336 1545 1543 1597 intelligi,
1573 1546 1707 1588 πολλοὶ

186 1604 274 1644 ista
304 1605 431 1656 cujus
459 1603 549 1644 sint
578 1603 767 1656 generis.
830 1602 983 1643 Cicero
1012 1603 1186 1654 quidem
1215 1600 1341 1643 Tusc.
1374 1615 1414 1642 v.
1461 1601 1532 1644 34.
1572 1603 1711 1649 πολλοὶ

186 1659 252 1701 καὶ
278 1658 392 1708 ’ὄλβια
410 1661 455 1700 in
475 1660 794 1714 epigrammate
812 1660 1119 1714 Sardanapali,
1138 1660 1256 1713 quod
1275 1659 1321 1700 in
1342 1657 1524 1701 Anthol.
1546 1660 1711 1712 legitur

185 1722 232 1758 et
253 1730 280 1757 a
298 1718 502 1772 pluribus
531 1721 901 1759 commemoratur
940 1717 998 1771 (v.
1035 1716 1215 1770 Menag.
1248 1717 1304 1758 ad
1326 1715 1458 1770 Diog.
1482 1716 1627 1759 Laert.
1660 1732 1707 1773 p,

192 1774 307 1829 152.)
341 1776 558 1830 expressit
591 1775 647 1817 ad
679 1776 878 1824 verbum,
914 1779 957 1817 et
993 1776 1151 1829 copula
1181 1775 1359 1828 quidem
1379 1787 1467 1816 non
1492 1776 1707 1829 neglecta,

186 1832 323 1874 multa
342 1839 384 1874 et
397 1832 630 1889 proeclara:
661 1834 736 1874 sed
757 1847 896 1886 neque
918 1834 1012 1888 ipse
1033 1834 1132 1874 aliis
1153 1833 1276 1885 locis,
1306 1845 1448 1886 neque
1478 1833 1553 1874 alii
1575 1835 1710 1888 scrip-

189 1894 305 1932 tores
328 1889 476 1932 Latini
499 1891 561 1940 sic
582 1892 718 1932 locuti
752 1892 1044 1946 reperiuntur.
1105 1889 1262 1944 Itaque
1298 1891 1457 1932 melius
1476 1903 1572 1932 esse
1593 1892 1710 1933 vide-

188 1952 277 1996 tur,
309 1950 512 2003 copulam
532 1952 762 2002 tamquam
782 1951 968 1991 otiosam
1000 1949 1181 1991 omnino
1202 1961 1288 1990 non
1309 1953 1480 1991 vertere
1501 1962 1510 1989 :
1544 1952 1590 1990 et
1610 1949 1711 1992 hae-

190 2010 320 2047 tenus
339 2019 426 2048 non
448 2009 587 2055 muto,
618 2020 714 2059 quae
732 2007 953 2062 disputavi
975 2007 1032 2048 ad
1049 2005 1251 2060 Xenoph.
1275 2007 1304 2047 l.
1326 2020 1362 2047 c.

252 2063 293 2104 6.
323 2062 512 2117 Vigerus
542 2065 596 2105 de
631 2062 759 2106 Idiot.
798 2064 876 2106 Gr.
916 2066 1012 2106 viii.
1036 2063 1079 2113 7,
1103 2064 1142 2105 6.
1175 2065 1365 2112 dixerat,
1396 2065 1533 2107 tacite
1561 2078 1710 2107 assen-

191 2121 331 2163 tiente
367 2119 552 2169 Zeunio,
585 2121 648 2162 καὶ
672 2135 742 2177 ap.
780 2123 954 2165 Atticos
974 2135 1087 2177 saepe
1115 2135 1286 2170 vacare,
1321 2123 1512 2164 maxime
1541 2127 1643 2177 post
1673 2125 1713 2164 τί

192 2194 304 2226 ποτε,
336 2183 386 2219 ut
405 2178 602 2234 Xenoph.
627 2178 687 2220 H.
713 2179 792 2222 Gr.
810 2181 856 2222 ii.
880 2180 923 2229 3,
955 2180 1027 2221 47.
1090 2179 1176 2221 Sed
1190 2180 1278 2220 vim
1296 2181 1526 2234 particulae
1546 2181 1712 2223 talibus

194 2237 242 2277 in
273 2237 380 2278 locis
421 2238 597 2292 aperuit
633 2238 698 2279 ibi
735 2238 827 2279 Cel.
869 2236 1177 2286 Hermannus3
1230 2250 1325 2279 esse
1363 2251 1520 2293 nempe
1562 2237 1714 2280 Germ.

198 2293 303 2336 auch
334 2298 378 2335 et
397 2294 454 2350 ja
471 2311 486 2343 ;
515 2298 560 2337 et
590 2296 635 2336 in
665 2295 857 2337 formula
879 2298 918 2336 τί
946 2296 1028 2351 χρὴ
1049 2295 1112 2336 καὶ
1141 2297 1263 2344 λέγειν
1292 2296 1504 2344 dubitari,
1535 2307 1623 2338 non
1652 2310 1717 2338 so-

196 2353 288 2393 lum
312 2350 435 2408 quid,
467 2353 542 2394 sed
562 2354 697 2394 etiam
733 2368 788 2395 an
817 2352 984 2410 aliquid
1012 2354 1071 2394 sit
1101 2353 1348 2394 dicendum.
1410 2352 1508 2396 Hoc
1528 2355 1596 2402 vel
1617 2354 1716 2401 ideo

197 2410 477 2464 probandum
494 2415 621 2465 pum,
644 2411 764 2463 quia,
797 2411 860 2452 καὶ
893 2412 1126 2453 manifesto
1146 2412 1340 2464 pertinet
1360 2410 1413 2452 ad
1435 2414 1582 2460 λέγειν..-
1629 2409 1719 2454 Ita,

197 2480 283 2520 que
306 2468 351 2508 in
371 2468 460 2508 illis
482 2469 554 2510 hic
575 2481 726 2510 sensus
749 2471 890 2510 inest:
926 2467 1051 2515 Quod
1071 2467 1242 2510 tandem
1261 2482 1412 2511 nomen
1431 2468 1529 2517 tibi,
1565 2475 1607 2511 et
1633 2483 1718 2512 om-

199 2523 304 2566 nino
335 2538 439 2566 num
468 2525 644 2582 aliquod
677 2525 758 2568 tz'bz'
790 2540 942 2568 nomen
972 2525 1070 2568 dari
1097 2531 1273 2583 potest?
1304 2540 1393 2581 quo
1422 2525 1718 2570 Theramenes

202 2583 437 2640 significat,
485 2582 685 2639 Graecam
730 2585 929 2638 linguam
974 2585 1109 2625 verbo
1154 2598 1315 2637 carere,
1365 2597 1453 2637 quo
1483 2586 1718 2632 insolentia

184 2639 356 2694 ‚Critiae
387 2642 528 2692 possit
558 2642 785 2684 declarari.
845 2640 901 2683 Et
943 2640 1125 2684 Conviv.
1153 2643 1187 2687 i,
1223 2642 1288 2684 15.
1321 2643 1467 2684 verbis
1497 2645 1594 2684 τίνος
1614 2642 1719 2684 ἕνεκα

191 2694 266 2739 *mi
299 2696 418 2737 ‘uam
438 2700 491 2745 μέ
518 2716 575 2739 τις
602 2713 752 2741 scurra
780 2700 1017 2752 significat,
1048 2714 1134 2741 non
1164 2699 1288 2742 modo
1311 2706 1488 2757 propter
1514 2699 1656 2748 risum,
1676 2712 1720 2741 se

202 2769 288 2797 non
318 2760 514 2796 vocatum
549 2756 621 2808 iri,
662 2757 736 2798 sed
768 2756 937 2799 omnino
958 2771 1043 2799 non
1062 2756 1122 2799 z'rz‘
1150 2764 1352 2800 vocatum.
1414 2756 1624 2808 Rationes
1645 2757 1721 2799 de-

206 2813 308 2855 inde
339 2813 434 2867 ipse
464 2813 631 2866 adjicit.
693 2815 779 2870 Ap.
804 2813 1045 2856 Lucianum
1068 2817 1114 2856 in
1136 2814 1307 2857 Navis.
1367 2814 1494 2857 Votis
1523 2829 1562 2856 c.
1588 2814 1625 2856 l.
1655 2816 1720 2857 sic

204 2871 392 2916 dicitur:
425 2868 479 2943 Tj
498 2871 572 2928 «γὰρ
593 2871 662 2912 ἔδει
683 2873 746 2914 καὶ
766 2876 905 2923 famarm
938 2874 968 2918 i.
989 2886 1026 2916 e.
1053 2871 1172 2932 Quid
1191 2872 1306 2926 enim
1325 2872 1539 2934 oportebat
1564 2876 1722 2931 agere?
