1838 3164
219 135 280 179 90
595 141 910 184 PLEONASMI
934 138 1360 183 ADVERBIORUM.

219 253 289 294 his
307 253 414 295 locis
433 256 624 310 repetita
651 258 870 312 particula
896 258 1159 309 gravitatem
1187 255 1309 297 addit
1338 255 1514 298 verbis.-
1553 255 1606 299 In
1622 257 1730 301 ulti·

218 323 291 352 mo
311 312 446 366 negat
466 314 540 355 ille
560 326 639 369 per
659 316 846 356 ironiam
867 319 934 355 τοῦ
956 313 1014 362 ἂν,
1045 319 1090 355 et
1110 315 1390 367 negationem
1410 315 1554 356 firmat
1574 316 1729 359 eodem

217 370 409 423 repetito
437 375 539 425 post
566 373 791 428 μετῴκησα,
823 386 867 413 se
897 384 953 412 ex
985 371 1224 414 Academia
1254 372 1617 425 demigraturum.
1675 371 1731 416 In

217 425 531 482 Aristophanis
550 431 695 472 verbis
714 429 929 471 dubitatio
949 434 994 471 et
1014 431 1179 472 sciendi
1213 430 1398 472 aviditas
1431 443 1518 471 non
1538 431 1736 484 pertinet

217 485 273 525 ad
287 486 422 526 οἱκοῖτε
442 485 547 540 (non
566 489 724 541 quaerit
744 487 892 542 Epops
909 485 986 527 ubi
1006 488 1269 530 habitaturae
1289 487 1394 543 sint)
1405 488 1480 529 sed
1494 486 1567 529 ubi
1585 485 1731 530 luben-

217 539 393 598 tissime)
417 555 558 598 neque
579 546 756 586 modum
776 545 896 586 verbi
926 544 1075 594 afficit,
1105 550 1152 587 ut
1186 547 1262 587 fiat
1297 546 1566 600 potentialis,
1594 545 1732 601 (quod

217 600 313 652 quis
334 600 475 643 dicere
495 604 633 657 possit
653 604 706 644 de
726 605 820 644 loco
840 600 1022 657 AEliani)
1050 604 1158 656 quia
1188 605 1412 658 optativus
1446 614 1525 658 per
1552 613 1600 645 se
1619 604 1735 646 hanc

217 658 308 698 vim
331 658 477 701 habet.
538 659 693 715 Itaque
729 662 805 701 illa
840 660 1072 701 iteratione
1105 664 1277 702 tantum
1312 661 1489 714 gravior
1509 661 1557 703 fit
1576 662 1732 704 oratio.

219 713 392 757 Pariter
417 718 559 772 primo
593 720 687 759 loco
721 718 1008 770 significatur,
1028 716 1250 774 facillime
1279 718 1388 760 illud
1419 720 1511 760 fieri
1532 730 1662 774 posse
1678 720 1733 762 de

220 773 330 814 duro
350 774 541 817 domino.
602 775 687 816 Sed
707 776 783 816 ubi
805 780 903 830 post
923 776 1206 830 parenthesin
1229 780 1308 818 aut
1335 778 1500 819 similia
1519 778 1734 831 longioris

218 831 389 883 periodi
410 835 606 874 membra
627 831 669 874 ἂν
689 835 904 888 repetitur
923 838 974 875 ut
993 833 1221 888 Aristoph.
1258 833 1446 876 Acharn.
1479 834 1581 878 210.
1602 847 1661 876 ss.
1692 837 1737 877 et

221 886 334 930 Plat.
355 889 498 932 Alcib.
522 893 550 932 i.
582 891 666 932 vol.
688 904 730 932 v.
762 905 805 946 p.
826 891 897 934 37.
926 890 1064 932 Άλλά
1084 895 1155 946 κᾲν
1188 893 1218 932 εἰ
1249 895 1332 933 etc.
1366 893 1412 934 id
1430 893 1542 934 facit
1561 892 1618 935 ad
1637 903 1734 948 per-

218 945 516 1001 spicuitatem.
538 962 580 990 v.
604 947 720 1002 Isag.
738 949 775 1004 ξ.
799 947 863 991 16.

278 1003 365 1044 Sed
385 1018 546 1058 magna
564 1007 798 1049 difficultas
818 1009 960 1049 oritur
979 1007 1207 1061 interpreti
1230 1020 1285 1049 ex
1303 1021 1373 1056 eo,
1401 1008 1517 1060 quod
1536 1008 1621 1051 viri
1639 1008 1738 1052 doc-

220 1060 382 1102 tissimi
403 1065 681 1118 praecipiunt,
711 1066 758 1106 in
779 1066 1002 1119 geminato
1022 1070 1076 1121 τῷ
1097 1062 1157 1113 ἂν,
1187 1078 1325 1106 unum
1343 1067 1463 1107 trahi
1483 1067 1643 1122 debere
1678 1067 1738 1109 ad

219 1120 418 1168 verbum,
448 1122 634 1163 alterum
663 1123 720 1163 ad
740 1126 872 1165 aliam
906 1123 1134 1164 sententiae
1163 1135 1331 1173 vocem,
1359 1136 1458 1178 quae
1480 1132 1580 1165 cum
1611 1120 1738 1166 dubi-

219 1177 390 1219 tatione
422 1179 623 1222 adhiberi
662 1182 817 1235 possit.
879 1180 976 1223 Hoc
1014 1181 1237 1223 nonnullis
1273 1183 1320 1224 in
1358 1182 1467 1224 locis
1510 1181 1737 1225 verissime

221 1237 460 1284 stamnum
492 1241 542 1278 ut
576 1237 762 1292 Lycurg.
784 1254 823 1282 c.
847 1238 998 1282 Leocr.
1018 1252 1063 1295 p.
1088 1252 1147 1280 m.
1167 1238 1269 1282 243.
1315 1242 1403 1281 πῶς
1432 1238 1509 1294 γὰρ
1542 1243 1585 1281 οὐ
1611 1239 1738 1291 δεινὸν,

222 1290 308 1337 τοὺς
333 1293 394 1334 ἐπὶ
416 1296 598 1351 ἐμπορίαν
618 1297 912 1345 ἀποδημοῦντας
926 1296 1093 1339 σπεύδειν
1112 1296 1174 1338 ἐπὶ
1191 1298 1261 1341 τὴν
1281 1300 1353 1342 τῆς
1370 1298 1523 1338 πόλεως
1539 1296 1738 1346 βοήθειαν,

221 1354 354 1392 τοῦτον
375 1351 414 1393 δὲ
429 1354 538 1401 μόνον
568 1354 602 1394 ἐν
636 1358 715 1396 τοῖς
733 1357 822 1396 τότε
841 1359 978 1410 καιροῖς
999 1357 1089 1396 κατ’
1124 1357 1299 1411 ἐργασίαν
1331 1357 1500 1403 ἐκπλεῖν,
1530 1355 1642 1399 ἡνίκα
1661 1355 1741 1396 οὐδ’

225 1405 270 1448 ’ἂν
301 1408 354 1450 εἷς
386 1410 706 1466 προσκτήσασθαι
735 1413 836 1454 οὐδὲν
871 1412 914 1454 ἂν
949 1413 1145 1466 ἐζήτησεν.
1206 1410 1294 1454 Hie
1311 1413 1534 1466 posterius
1567 1411 1611 1454 ἂν
1647 1413 1739 1454 vim

219 1467 510 1518 potentialem
538 1470 697 1511 tribuit
721 1471 871 1519 verbo,
900 1475 951 1512 ut
981 1473 1128 1511 vertas
1161 1469 1431 1526 quaesivisset,
1468 1482 1556 1515 non
1591 1469 1740 1527 quaesi-

221 1520 286 1563 vit
298 1538 315 1570 ,·
346 1525 468 1578 prius
489 1531 637 1568 autem
657 1528 713 1568 ad
733 1526 848 1569 οὐδεὶς
866 1529 1074 1582 pertinet,
1102 1528 1173 1569 eui
1209 1529 1343 1570 etiam
1359 1538 1438 1582 per
1456 1525 1619 1568 tmesin
1646 1539 1738 1570 arc·

220 1580 390 1623 tissime
406 1584 606 1636 junctum
629 1589 711 1626 est.
772 1584 901 1632 Quod
936 1586 973 1626 si
1001 1585 1142 1626 nihilo
1176 1586 1322 1627 minus
1353 1586 1409 1626 ad
1439 1586 1619 1626 verbum
1638 1586 1740 1638 quis

221 1640 393 1681 trahere
412 1642 534 1689 velit,
566 1655 692 1684 suam
724 1647 841 1684 certe
859 1643 1211 1697 peculiaremque
1246 1644 1336 1684 vim
1368 1641 1637 1685 asseveranda*
1665 1643 1741 1685 ha-

221 1695 358 1748 bebit,
388 1711 511 1740 nemo
530 1711 631 1740 sane
653 1731 662 1741 .
689 1732 699 1741 .
727 1731 736 1741 .
759 1699 1030 1756 quaesivz'sset.
1091 1698 1251 1743 AEneas
1284 1702 1331 1742 in
1365 1700 1552 1742 Poliorc.
1589 1714 1627 1742 c.
1668 1700 1736 1743 10.

220 1755 434 1809 praecipit,
462 1762 668 1810 parentes
700 1759 903 1800 obsidum
940 1758 1132 1800 studiose
1165 1758 1459 1801 observandos
1493 1771 1589 1800 esse
1626 1758 1741 1801 obsi-

222 1812 367 1853 dionis
401 1817 614 1868 tempooe,
645 1820 689 1856 et
725 1816 906 1857 honesto
937 1821 1155 1871 praetextu
1190 1830 1217 1858 a
1245 1818 1384 1859 ternis
1410 1817 1579 1859 civibus
1596 1821 1740 1859 custo-

221 1869 418 1912 diendos.
478 1870 592 1925 Tum
631 1874 776 1915 addit:
808 1873 930 1914 Οὕτω
968 1873 1042 1930 «γὰρ
1078 1873 1120 1915 ἂν
1160 1875 1379 1923 διακείμενοι
1417 1872 1637 1933 {into-rapo&
1676 1873 1740 1916 δύο

222 1944 344 1968 ναιντο
363 1931 584 1984 νεωτερίσαι.
644 1929 694 1974 In
717 1931 785 1972 his
805 1933 930 1986 prius
951 1930 993 1973 ἂν
1020 1933 1056 1972 si
1079 1933 1216 1983 tollis,
1248 1945 1401 1973 sensus
1430 1931 1594 1986 poterit
1612 1942 1708 1974 esse
1725 1944 1740 1973 τ

223 1982 342 2031 Quia
373 1985 459 2027 haec
491 1990 552 2028 est
583 2000 726 2030 eorum
759 1987 964 2031 conditio.
1041 1989 1127 2031 Sed
1159 2002 1213 2031 eo
1244 1993 1416 2031 servato
1452 1993 1600 2044 manet
1628 1989 1740 2031 illud

220 2043 534 2092 conditionale,
565 2046 679 2087 sicut
707 2047 772 2087 rei
806 2047 1028 2094 convenit,
1060 2052 1106 2089 et
1135 2049 1275 2101 accipi
1305 2047 1432 2088 debet
1465 2058 1545 2102 pro
1575 2045 1680 2089 Haeo
1703 2045 1744 2089 si

222 2105 283 2141 est
313 2114 457 2144 eorum
485 2102 687 2146 conditio.
749 2103 971 2146 Posterius
1007 2109 1156 2146 autem
1187 2105 1429 2146 affirmandi
1464 2106 1555 2146 vim
1590 2105 1738 2146 habet.

224 2157 311 2199 Sed
340 2160 505 2212 ubique
547 2162 627 2204 hoc
667 2168 932 2217 praeceptum
977 2163 1294 2205 observandum
1336 2174 1447 2208 esse,
1485 2171 1572 2204 non
1618 2166 1740 2217 puto.

224 2213 281 2257 Et
308 2217 406 2258 loca
435 2220 626 2272 primum
663 2221 816 2268 allata,
854 2233 1041 2273 quorum
1077 2222 1243 2263 similia
1282 2221 1496 2275 permulta
1534 2221 1741 2274 reperias,

224 2274 526 2324 adversantur,
558 2281 602 2318 et
622 2279 689 2318 vis
725 2278 867 2319 omnis
901 2279 1113 2319 orationis
1147 2280 1360 2320 humanae.
1421 2277 1555 2326 Nam,
1586 2282 1636 2319 ut
1658 2278 1740 2320 hoc

225 2331 383 2373 clarius
404 2335 635 2388 explicem,
665 2336 1010 2389 uniuscujusque
1040 2337 1270 2378 sententiae
1303 2348 1390 2377 una
1425 2347 1528 2389 pars
1556 2338 1623 2376 est
1651 2329 1742 2390 pri-'-

225 2390 381 2441 maria,
410 2395 454 2432 et
488 2393 543 2433 ad
573 2406 709 2434 unum
742 2394 931 2435 maxime
952 2394 1149 2442 verbum,
1181 2393 1472 2446 quodcunque
1493 2397 1577 2440 est,
1607 2394 1741 2448 scrip-

225 2449 295 2487 tor
331 2451 477 2490 cetera
497 2452 590 2491 vult
619 2452 788 2492 referri.
849 2450 935 2492 Sed
965 2453 1001 2493 si
1024 2453 1091 2492 vel
1123 2451 1343 2493 dubitatio
1377 2451 1444 2492 vel
1476 2454 1597 2492 certa
1630 2450 1742 2492 affir-

225 2506 378 2553 matio,
408 2519 504 2559 quae
526 2513 578 2564 τῷ
599 2506 641 2549 ἂν
663 2510 952 2562 significatur,
982 2509 1039 2550 ad
1072 2509 1158 2551 duo
1180 2510 1313 2551 verba
1345 2507 1554 2564 pertinet,
1584 2517 1742 2564 scopus

224 2563 364 2603 totius
383 2567 610 2606 sententiae
630 2566 678 2608 fit
698 2568 922 2615 incertior,
952 2571 1003 2608 ut
1024 2569 1205 2618 nescias,
1235 2579 1323 2620 quo
1342 2567 1537 2607 maxime
1559 2565 1743 2608 consilio

226 2621 414 2674 scriptor
438 2636 535 2663 eam
556 2624 800 2677 protulerit.
861 2624 934 2666 Sic
968 2626 1013 2665 in
1051 2624 1276 2679 Aristoph.
1310 2623 1426 2665 Plut.
1448 2622 1549 2664 485.
1582 2624 1741 2664 misere

226 2675 428 2727 haerebis‚
450 2681 485 2720 si
508 2679 550 2721 ἂν
573 2712 583 2721 .
611 2712 619 2721 .
647 2713 656 2722 .
679 2680 723 2723 ἂν
742 2683 926 2726 diversis
947 2682 1092 2724 verbis
1112 2683 1339 2735 assignare
1357 2681 1561 2722 volueris.
1622 2677 1742 2722 Dici-

227 2740 298 2776 tur
319 2737 409 2777 Sic:
445 2736 469 2780 ’ἶν’
501 2753 537 2778 τι
569 2741 605 2786 ’γ’
640 2738 682 2779 ἂν
715 2741 801 2792 ’ἔχοι
833 2740 890 2780 τὶς
926 2739 968 2780 ἂν
1003 2739 1139 2782 δίκαιον
1174 2743 1356 2781 ἀντειπεῖν
1385 2739 1465 2779 ἐ’τιε
1499 2748 1556 2779 an
1573 2736 1743 2794 aliquid

214 2790 336 2849 forte
362 2793 511 2836 habeat
542 2795 651 2850 quis,
697 2797 811 2852 quod
839 2796 969 2839 etiam
998 2796 1295 2839 contradicat?
1342 2797 1492 2837 Germ.
1534 2794 1634 2837 oder
1669 2794 1745 2838 hat

224 2863 326 2892 man
363 2850 576 2894 vielleiolzt
621 2854 725 2896 noch
769 2861 898 2897 etwas
937 2854 1184 2898 erkebliclzes
1230 2851 1533 2896 ez'nzuwenden
1551 2856 1570 2893 ?
1612 2850 1742 2906 Equi—

225 2909 326 2953 dem
364 2914 595 2966 utrumque
633 2913 689 2954 ad
727 2913 812 2967 ’έχοι
832 2914 977 2962 traho,
1018 2918 1063 2956 et
1108 2914 1272 2955 ironica
1317 2913 1360 2954 vi
1402 2911 1635 2954 dubitandi
1674 2912 1742 2955 bis
