1838 3164
173 150 259 196 220
729 163 920 198 ELLIPSIS
939 160 1168 196 ΝοΜΙΝυΜ.

1316 190 1320 210 1

632 266 657 292 *
687 264 930 314 OHAON,
965 261 1222 307 SCUTUM.

239 341 411 385 Invoce
438 342 588 386 διοπετῆ
610 355 641 382 S.
664 341 778 382 ὅπλα.
841 341 969 383 Plene
999 341 1132 382 habet
1163 340 1351 381 Glossar.
1373 337 1450 380 Gr.
1472 336 1568 379 Lat.
1603 336 1672 377 διο-

182 402 296 443 πετὲς
327 402 454 442 ὅπλον.
493 400 706 441 Scnwmx.
765 397 927 440 Vocem
958 399 1067 440 hano
1102 399 1164 439 sic
1195 398 1359 438 ἐλλιπῶς
1393 397 1552 437 dictam
1587 408 1673 436 non

181 459 358 500 memini
378 471 447 499 me
463 459 619 510 legere.
679 455 769 497 Ubi
800 457 915 497 enim
945 456 1038 497 sine
1074 455 1344 496 substantivo
1372 454 1546 506 legitur,
1576 453 1676 493 sub·

182 516 445 557 audiendum
476 513 656 563 ἄγαλμα.
716 513 816 555 Vid.
850 527 979 567 supra
1001 514 1042 554 h.
1062 526 1099 553 v.
1136 516 1181 554 et
1200 512 1297 552 add.
1320 511 1455 552 Scott.
1477 509 1676 564 Append.

183 574 241 615 ad
261 572 320 614 H.
344 572 554 627 Stephan.
576 572 606 611 i.
625 585 662 612 c.
684 570 782 612 863.
808 570 1020 612 Wetsten.
1053 570 1109 611 ad
1144 569 1201 611 N.
1222 568 1273 610 T.
1297 569 1340 610 ii.
1363 582 1407 622 p.
1430 565 1525 610 589.
1555 565 1680 608 Wes-

175 631 335 683 seling-
355 630 411 671 ad
442 628 622 671 Diodor.
654 628 740 671 Sic.
769 632 803 669 t.
826 628 874 669 ii.
907 641 951 682 p.
975 627 1074 669 640.
1106 626 1364 668 Valckenar.
1386 626 1546 667 Adnot.
1569 621 1681 666 Crit.

185 688 232 729 in
254 687 312 729 N.
333 686 382 729 F.
411 700 453 741 p.
475 685 573 727 366.
636 685 703 739 [In
728 686 902 728 Scholio
922 685 978 726 ad
998 685 1178 726 Aristid.
1209 685 1358 725 malim
1379 682 1484 733 μετὰ
1509 682 1560 723 ταὶ
1579 680 1682 736 Περ-

185 746 287 786 σικαί.
348 744 474 786 Conf.
497 743 655 786 Strabo
670 746 702 784 t.
724 744 788 784 iii.
818 757 863 798 p.
885 742 978 797 30.]
1009 742 1208 784 SCHAEF.

705 818 731 844 *
762 816 951 867 OHAA,
979 815 1169 859 ARMA.

241 891 293 934 In
310 892 533 946 ἀμυντήριον
551 893 596 932 et
614 890 838 945 α’μυντηρια.
898 889 1154 932 Onosander
1181 903 1219 931 c.
1241 902 1313 930 xx.
1344 892 1424 942 οὐχ
1442 888 1556 933 ἧττον
1576 885 1684 942 θορυ-

174 954 341 1000 βοῦνται
374 952 453 990 τοῖς
473 951 649 989 τοιούτοις
678 948 929 1002 ἀμυντηρίοις.
959 946 1010 988 In
1039 946 1310 1001 σκεπαστήρια.
1338 945 1516 998 Dionys.
1539 943 1670 986 Halic

177 1008 267 1059 ¹lib.
288 1019 330 1048 V.
351 1020 395 1061 p.
414 1005 513 1047 295.
546 1003 819 1059 διεφθαρμένων
840 1007 969 1045 αὐτοῖς
988 1003 1059 1048 ’ἤδη
1089 1007 1162 1044 τῶν
1189 1003 1483 1056 σκεπαστηρίων.
1512 1000 1688 1042 Utram-

187 1079 274 1120 que
303 1064 480 1118 ellipsin
514 1064 686 1116 supplet
713 1060 896 1116 Diodor.
940 1060 1024 1103 Sic.
1057 1061 1132 1101 lib.
1154 1060 1220 1102 iii.
1250 1074 1295 1114 p.
1333 1058 1426 1100 187.
1451 1056 1625 1099 “Ὀπλοις
1649 1057 1687 1099 δὲ

177 1120 364 1177 ,χρῆσθαι
404 1119 997 1175 σκεπαστηρίοις--οἱμυντηρίοις.
1074 1116 1123 1159 In
1163 1118 1320 1166 γυμνὸς,
1359 1116 1532 1169 quando
1563 1116 1609 1156 in
1643 1128 1691 1156 re

188 1180 348 1221 bellica
373 1178 573 1227 ,absolute
606 1176 799 1230 ponitur.
874 1175 1150 1217 Herodianus
1182 1175 1257 1216 lib.
1291 1175 1336 1215 ii.
1375 1174 1439 1216 13.
1470 1173 1511 1214 8.
1545 1171 1693 1222 Γυμνοί

190 1253 233 1277 τε
254 1235 350 1291 πρὸς
378 1233 745 1282 ὡπλισμένους-μη
765 1234 969 1287 μάχοιντο.
1030 1232 1162 1274 Plene
1189 1232 1303 1273 idem
1335 1233 1410 1273 lib.
1442 1231 1514 1271 vii.
1545 1230 1588 1279 9,
1625 1230 1690 1271 ll.

188 1292 340 1342 Γυμνοί
369 1309 410 1333 τε
439 1291 565 1333 ὅπλων
593 1290 656 1331 καὶ
687 1293 847 1346 ὁργάνων
876 1293 1109 1339 πολεμικῶν.
1169 1288 1219 1330 In
1244 1288 1548 1344 προμετωπίδια,
1575 1304 1693 1343 προσ-

179 1350 365 1406 τερνίδια,
395 1347 675 1405 παραμηρίδια,
702 1347 1022 1403 παραπλευρίδια,
1056 1361 1090 1388 s.
1123 1347 1225 1387 ὅπλα
1258 1347 1376 1400 apud
1417 1343 1695 1400 Xenophont-

193 1406 253 1448 K.
275 1407 336 1448 Π.
379 1407 457 1448 lib.
489 1407 549 1447 vi.
593 1418 637 1459 p.
662 1404 762 1446 387.
825 1403 942 1460 [Vid.
976 1404 1137 1446 Polluc.
1172 1405 1203 1445 i.
1240 1402 1334 1457 140.
1364 1403 1583 1457 Senum]
1642 1401 1692 1443 In

192 1465 410 1506 locutione
441 1465 475 1504 ἐν
507 1465 584 1502 τοῖς
613 1465 759 1518 βαρέσιν
794 1459 901 1509 εἶναι,
931 1475 1020 1515 qua
1051 1463 1216 1502 ἐλλιπῶς
1246 1465 1430 1501 utuntur
1464 1461 1694 1514 scriptores

190 1520 372 1563 Tactici.
433 1520 564 1561 Plene
593 1520 802 1573 est-apud
834 1519 1060 1572 Polybium
1100 1522 1129 1558 t.
1161 1519 1206 1559 ii.
1238 1531 1283 1571 p.
1321 1517 1442 1558 1057.
1485 1517 1696 1572 Προσγενο-

178 1581 311 1626 -μένων
346 1579 514 1628 τῶν-ἐν
553 1580 631 1617 τοῖς
666 1579 813 1631 βαρέσιν
853 1577 981 1617 ὅπλοις
1012 1576 1161 1631 ἀνδρῶν.
1204 1574 1418 1616 SCHWEB.
1479 1573 1700 1616 Diodorus

175 1635 283 1678 ’.δία
304 1636 429 1676 xviii.
458 1648 492 1676 c.
523 1632 588 1675 16.
609 1637 720 1675 extr.
744 1633 849 1686 πεζοὶ
877 1634 947 1682 μὲν
966 1635 1117 1675 πλείους
1137 1636 1210 1673 τῶν
1232 1633 1546 1687 τετρακισμυρίων
1566 1633 1601 1672 ἐν
1622 1634 1699 1672 τοῖς

193 1695 342 1748 βαρέσιν
373 1693 516 1733 ὅπλοις.
548 1689 666 1744 Opp.
703 1689 855 1739 τοξόται
884 1690 948 1730 καὶ
979 1690 1231 1743 σφενδονῆται.
1291 1688 1409 1730 Idem
1441 1690 1528 1730 Xix.
1557 1703 1595 1730 c.
1631 1687 1697 1729 19.

193 1755 305 1792 extr.
327 1747 414 1790 τοὺς
434 1750 468 1789 ἐν
489 1751 566 1787 τοῖς
584 1749 731 1802 βαρέσιν
751 1746 1135 1788 ὅπλοις.-Β.θΐθι“3.8
1169 1748 1252 1789 huc
1282 1746 1326 1788 τὸ
1354 1746 1597 1801 ἀλεξητήριον
1624 1745 1698 1787 Al-

181 1808 288 1855 .caei‚
320 1807 357 1847 si
387 1818 487 1847 vere
517 1804 703 1857 conjecit
731 1802 1045 1846 Valckenarius
1075 1806 1130 1845 ad
1160 1803 1367 1846 Herodot.
1415 1817 1460 1858 p.
1492 1801 1594 1848 425,
1625 1802 1697 1844 58.

184 1863 250 1905 In
270 1863 453 1905 Diodor.
476 1861 563 1904 Sic.
582 1862 660 1902 lib.
683 1874 724 1902 v.
746 1861 817 1902 33.
847 1861 930 1904 ἴδιον
952 1861 989 1902 δέ
1010 1879 1046 1902 τι
1066 1864 1152 1916 παρ’
1185 1865 1311 1903 αὐτοῖς
1331 1863 1408 1901 ἐστι
1427 1859 1514 1915 περὶ
1533 1860 1605 1904 τήν
1625 1865 1698 1900 τῶν

181 1922 324 1963 -ὅπλων
353 1920 417 1961 καὶ
446 1920 683 1974 ἀμυντηρίων
711 1920 963 1963 κατασκευὴν·
1009 1919 1071 1959 καὶ
1102 1920 1335 1973 ἀμυντηρίων
1365 1931 1420 1959 ex
1448 1919 1704 1971 glossemate

182 1982 305 2020 mata
322 1983 448 2032 puto.
508 1975 626 2017 Idem
646 1976 677 2016 i.
706 1990 744 2016 c.
767 1975 837 2018 24.
870 1981 955 2017 ταῖς
975 1976 1012 2017 δὲ
1035 1977 1155 2030 δοραῖς
1179 1982 1251 2017 τῶν
1267 1975 1405 2030 θηρίων
1422 1975 1703 2029 σκεπαστηρίοις

182 2034 389 2091 ·χρῆσθαι.
420 2034 495 2076 ubi
515 2034 574 2074 al..
597 2035 880 2088 σκεπαστηρίοις
900 2035 1041 2075 ὅπλοις.
1083 2032 1136 2074 V.
1157 2032 1416 2085 Wesseling.
1453 2033 1509 2073 ad
1539 2035 1702 2073 utrum-

182 2105 284 2145 ·que
305 2093 457 2134 locum.
517 2089 752 2142 Dionysius
786 2090 931 2132 Halic.
967 2090 1069 2132 Ant.
1103 2089 1229 2132 Rom.
1260 2096 1294 2131 t.
1319 2091 1366 2131 ii.
1397 2103 1442 2144 p.
1464 2089 1704 2132 95O.2roi⁴22-0

184 2149 237 2193 ξδ’
254 2150 377 2190 ὅτεέκ
394 2152 468 2190 τῶν,
484 2149 720 2201 ἀμυντηρίων
740 2150 869 2188 αὐτοῖς
888 2149 1013 2188 ὅπλων
1032 2147 1200 2201 ἀνήφθη.
1232 2148 1426 2188 Galenus
1442 2150 1474 2188 t.
1494 2148 1522 2188 i.
1541 2159 1586 2200 p.
1602 2145 1704 2192 367,

201 2206 274 2248 25.
305 2207 372 2248 ed.
396 2204 495 2246 Bas.
515 2202 598 2245 ἀντὶ
617 2205 771 2244 πάντων
794 2207 886 2252 ὁμοῦ
906 2209 980 2245 τῶν
1000 2207 1234 2260 ἀμυντηρίων
1255 2205 1379 2247 ὅπλων
1396 2207 1530 2260 χεῖρας
1554 2201 1702 2243 ἔδωκεν.

202 2263 493 2316 —Philippus
511 2260 768 2303 Thessalon.
791 2260 943 2316 Epigr.
964 2262 1028 2303 lii.
1056 2275 1140 2303 ver.
1161 2261 1199 2302 2.
1231 2262 1355 2302 ὅπλων
1373 2261 1511 2309 «γυμνὸν
1532 2259 1616 2299 ἰδεῖν
1643 2258 1706 2299 τὸν

204 2320 345 2376 θρασὺν
370 2319 591 2374 Ἠρακλέα-
634 2317 728 2372 [liv.
761 2324 872 2360 extr.
916 2321 978 2360 sic
1019 2319 1302 2372 interpunge:
1346 2318 1405 2366 μὴ
1437 2315 1575 2372 θρασὺν
1596 2314 1704 2371 ”Αρ·η

186 2377 401 2421 -Συλησασἱ
437 2377 590 2428 αὐχεῖς,
624 2373 775 2430 Κύπρις
802 2377 880 2417 ὅσον
911 2376 1093 2423 δύναταις
1135 2376 1227 2426 ὅσον,
1269 2376 1297 2415 i.
1319 2388 1356 2416 e.
1390 2375 1446 2415 ὅτι
1467 2375 1584 2414 τόσον.
1615 2373 1704 2414 vid.

186 2447 340 2489 -supra
368 2447 414 2488 p.
450 2431 567 2486 158]
630 2431 849 2474 Diodorus
884 2432 971 2475 Sic.
1005 2435 1077 2474 lib.
1105 2433 1162 2474 iv.
1197 2447 1242 2473 c.-
1262 2432 1332 2474 53.
1363 2435 1471 2473 extr.
1507 2432 1614 2479 μόνον
1645 2429 1708 2470 τὸν

199 2491 408 2547 Ἠρακλέα
427 2489 490 2530 καὶ
504 2488 644 2542 «γυμνὸν
663 2489 788 2531 ὅπλων
810 2493 959 2531 τελέσαι
972 2488 1057 2531 τοὺς
1071 2489 1397 2545 τεθρυλλημένους
1416 2487 1570 2529 ἄθλους.
1600 2486 1707 2527 Add-

187 2548 465 2647 -Waegsgelisng
478 2548 534 2587 ad
547 2544 756 2588 Herodot.
778 2561 822 2602 p.
850 2547 943 2589 173.
963 2561 1001 2589 a.
1024 2546 1238 2602 Verheyk.
1261 2547 1316 2588 ad
1335 2546 1541 2587 Antonin.
1562 2543 1708 2586 Liber.

207 2619 254 2661 p.
337 2637 346 2646 .
413 2618 578 2646 anmv.
1423 2621 1425 2623 -
1509 2632 1511 2637 .

639 2661 665 2687 *
697 2659 963 2711 OPFANA,
998 2660 1238 2705 ORGANA
1249 2667 1282 2704 ἵ.

260 2734 312 2777 In
332 2733 577 2790 αἰσθητήρια.
626 2732 764 2776 Hebr.
788 2748 828 2775 v.
853 2735 916 2778 14.
937 2738 1053 2789 quod
1074 2738 1252 2786 verbum
1273 2739 1420 2777 tamen
1440 2734 1502 2775 ibi
1524 2733 1569 2774 in
1582 2745 1711 2774 sensu

193 2794 506 2848 ‘metaphorice
525 2792 769 2850 adhibetur.
803 2792 1068 2835 SCHOETTG.

250 2908 265 2928 y
281 2901 431 2945 ''037⁰‘⁹⁰⁹’
448 2902 712 2948 ⁴instrumentmm,
734 2900 897 2933 omittitur
910 2913 929 2934 a
995 2902 1066 2933 xiv.
1081 2904 1112 2934 ⁷.
1137 2902 1177 2935 τὰ
1201 2902 1319 2943 ἄψυχα
1344 2898 1479 2946 (ὄργανα)
1495 2900 1580 2940 φωνὴν
1596 2897 1715 2936 333⁹?oe-

210 2946 316 2978 Paulo
343 2945 378 2977 in
405 2955 518 2988 priore
545 2944 690 2987 epistola
711 2945 753 2976 ad
778 2944 930 2980 Corinth.
996 2945 1115 2988 Micu.
1379 2954 1383 2958 ·
1504 2953 1506 2955 ·
1687 2940 1690 2945 ’
