1838 3164
1014 70 1038 83 p·

554 182 618 221 IN
645 181 848 223 GRAEGA
874 180 1099 223 LINGUA.
1501 171 1578 218 181

70 287 264 338 “Latinos
281 302 434 335 nomen
455 291 591 336 instar
643 294 815 338 Paullo
834 296 923 337 alia
942 296 1056 337 ratio
1084 297 1149 336 est
1176 293 1259 335 loci
1280 287 1510 347 Sophoclei
1530 289 1580 331 in

83 346 219 403 Ajace
245 362 286 390 v.
323 347 504 392 172..7H
535 347 583 406 ῥοῖ
612 356 651 392 σε
683 355 902 408 ταυροπόλοι
935 353 1032 394 Διὸς
1050 351 1245 407 '‘Ap-rems·
1270 349 1454 405 ’Ὠρμασε
1483 363 1578 389 παν-

83 403 227 459 Scimus
241 406 302 448 ἐπὶ
320 410 411 456 βοῦς
429 409 630 457 ἀγελαίας,
649 407 717 450 ”Η
738 413 811 450 πού
830 428 924 452 τινος
941 411 1043 452 νίκας
1066 411 1290 463 ἆκεέρπωτον
1314 409 1442 462 χοίριν,
1463 403 1578 459 'Hpoe

81 466 232 504 κλυτῶν
251 465 398 520 ἐνάρων,
430 463 644 514 Ψευσθεῖέ,
665 465 813 521 ἀδώροις
832 467 899 508 εἴτ’
926 467 1210 520 ἐλαφηβολίαις·
1237 463 1297 506 ‘O
1312 460 1578 518 χαλκοθώραξ

80 515 107 564 ⁹⁹5
127 521 192 560 τιν’
221 518 419 563 Ἐνυάλιος
437 521 616 576 Μομφσὶν
635 524 737 575 ’έχων
757 525 878 566 'imon
899 524 1013 580 δορὸς,
1044 521 1221 577 ἐννυχίοις
1238 525 1439 574 μαχαναῖς
1465 517 1578 559 Ἐτί-

81 592 174 616 σατο
193 580 324 626 λωβάν
341 593 352 627 ;
383 578 450 620 Ita
470 580 540 620 hic
558 581 676 621 locus
697 582 950 623 scribendus
983 582 1176 623 videtur:
1207 581 1318 620 male
1336 580 1464 632 vulgo
1483 574 1508 620 ἤ
1527 578 1578 630 ῥα

78 637 228 687 κλυτξιῦν
262 637 393 691 ἐνάρων
413 635 626 685 ψευσθεῖσα
653 637 787 693 δώροις,
817 643 862 680 et
880 639 905 683 ἢ
926 637 1213 694 χαλκοθώξαξί
1245 649 1426 689 quorum
1454 636 1576 684 ψευσ-

77 687 188 743 θεῖαί,
215 691 366 746 ἀδώροις
395 694 641 735 emendatio
671 700 738 736 est
771 695 1030 750 Musgravii.
1091 695 1174 737 Sed
1206 696 1339 736 etiam
1373 692 1398 737 35
1430 695 1494 748 ῥα,
1524 695 1576 732 ut

75 747 350 798 inusitatum,
363 751 460 791 tolli
474 752 675 793 debebat.
696 751 809 808 '‘Hpoe
829 759 978 795 κλυτῶν
998 754 1128 808 ἐνάρων
1147 756 1213 794 est
1232 752 1348 792 idem
1367 751 1482 803 quod
1495 751 1577 803 χοί-

72 822 140 859 ριν,
169 809 219 848 ut
236 805 310 862 ἦρα
329 806 536 860 φιλοξενίης
555 822 579 849 e
599 809 878 852 Valckenarii
909 811 1207 852 emendatione
1240 810 1287 849 in
1316 807 1575 854 Callimachi

75 862 234 916 fragm.
266 862 336 906 41.
378 864 630 908 Johnsonus
665 869 937 909 scribendum
971 869 1157 922 putabat
1191 867 1430 921 οἱκαρπώτου.
1507 863 1577 907 Ita
1591 862 1669 909 175

76 921 190 975 χάριν
207 921 373 963 dictum
390 927 522 971 esset,
554 929 602 966 ut
635 925 681 965 in
713 926 818 966 locis
840 939 972 980 supra
992 926 1152 976 allatis,
1181 924 1236 965 de
1255 924 1455 977 praemio,
1487 935 1577 976 quo

76 975 224 1018 Diana
261 978 441 1032 Ajacem
477 986 590 1023 esset
629 987 920 1024 remunerata.
983 982 1108 1030 Quod
1146 986 1315 1023 servato
1353 982 1578 1036 ἀκάρπων-ον

75 1034 168 1088 fieri
198 1038 366 1089 nequit,
395 1039 471 1079 ubi
502 1040 614 1094 χάριν
655 1044 786 1093 poeta
814 1041 921 1082 dicit
948 1040 1002 1080 de
1032 1040 1212 1093 praemio
1240 1039 1296 1079 ab
1325 1037 1460 1091 Ajace
1489 1050 1579 1079 nou

75 1091 180 1133 dato
210 1091 380 1136 Dianae.
438 1094 555 1137 Nam
585 1098 798 1150 enallage,
831 1110 963 1151 quam
1001 1098 1128 1150 fingit
1166 1095 1465 1148 Musgravius‚
1501 1095 1578 1136 ad-

76 1150 195 1191 mitti
241 1164 329 1193 non
366 1157 542 1206 potest:
590 1167 723 1207 quam
770 1156 954 1210 figuram
991 1156 1171 1195 omnino
1210 1166 1351 1208 operae
1385 1153 1578 1207 pretium

75 1206 240 1250 faceret
268 1210 346 1263 qui
376 1211 613 1252 artioribus
641 1213 799 1254 finibus
833 1213 1221 1254 circumscriberet.
1276 1209 1403 1258 Quod
1434 1210 1470 1251 si
1503 1209 1579 1266 ἦρα

76 1268 225 1305 κλυτὶὗν
247 1267 378 1321 ἐναίρων
407 1269 630 1317 scribitur,
661 1270 770 1310 nihil
801 1271 1001 1311 relictum
1036 1275 1104 1311 est
1135 1269 1414 1318 difficultatis.
1473 1266 1578 1308 Jam

77 1323 194 1363 enim
214 1322 429 1371 ψευσθεῖσα
462 1327 565 1366 νίκας
586 1328 806 1380 οἷκοίρπωτον
836 1329 948 1382 χάριν
978 1327 1196 1381 jungitur,
1223 1326 1269 1366 id
1289 1329 1372 1373 est,
1405 1323 1579 1379 defrau-

78 1377 182 1421 data
195 1377 350 1435 fructu
372 1380 571 1430 victoriae,
603 1388 648 1424 et
667 1385 839 1436 quidem
860 1383 933 1439 ἦρα
953 1388 1103 1424 κλυτῶν
1123 1385 1270 1438 ἐνάρων,
1303 1381 1351 1424 ob
1369 1380 1507 1438 spolia
1527 1381 1579 1423 ab

78 1434 212 1493 Ajace
231 1436 400 1479 amilio
421 1438 505 1480 dece
523 1438 674 1481 relata.
734 1439 801 1481 Ita
821 1439 1066 1495 Xenophon
1086 1441 1228 1481 Anab.
1250 1440 1296 1479 ii.
1328 1440 1371 1490 2,
1398 1438 1466 1480 13.’
1500 1438 1582 1479 ἐπεῖ

73 1495 149 1549 ’γὰρ
177 1494 303 1550 ἡμέρα
331 1496 492 1543 ἐγένετο,
524 1498 734 1550 ἐπορεύοντο
765 1500 798 1538 ἐν
829 1496 928 1551 δεξιᾷ
957 1499 1113 1550 ’ἔχοντες
1141 1496 1204 1537 τὸν
1234 1497 1351 1546 ἥλιον,
1379 1495 1582 1549 λογιζόμε-

77 1569 125 1591 νοι
156 1550 253 1608 ἥξειν
283 1551 369 1599 ἅμα
397 1554 494 1608 ἡλίῳ
522 1552 659 1594 δύνοντι
689 1556 740 1595 εἶς
771 1556 905 1601 κώμας
938 1558 1007 1598 τῆς
1042 1553 1291 1602 Βαβυλωνίας
1325 1555 1471 1607 χώρας·
1516 1551 1582 1592 καῖ

78 1613 190 1649 τοῦτο
210 1609 280 1656 μὲν
297 1612 364 1649 οὐκ
385 1608 643 1657 ἐψεύσθησαν.
704 1610 790 1652 Hie
809 1624 981 1663 quoque
1014 1612 1108 1652 duae
1137 1611 1414 1662 loquutiones
1434 1610 1583 1651 mixtae

24 1672 25 1677 ’
79 1670 197 1713 sunt,
220 1679 315 1707 una
336 1665 550 1714 ψευσθεῖσα
570 1672 615 1708 et
635 1670 701 1709 οὐκ
722 1667 981 1716 ἐψεύσθησαν,
1013 1669 1153 1709 altera
1173 1668 1365 1715 ἐψεύσατο
1395 1669 1508 1722 χάριν
1537 1670 1583 1708 et

77 1726 142 1764 οὐκ
163 1723 373 1770 ἐψεύσαντο
391 1728 518 1766 τοῦτο.

133 1778 238 1822 Jam
257 1781 446 1833 denique
466 1782 700 1824 secundam
719 1782 944 1824 videamus
973 1782 1207 1824 accusativi
1240 1781 1474 1823 adhibendi
1494 1781 1583 1822 for-

79 1850 212 1886 mam,
243 1851 340 1891 quae
371 1852 457 1880 non
495 1843 562 1880 est
596 1841 641 1880 in
680 1841 1019 1881 commutatione
1058 1839 1326 1880 diversarum
1363 1839 1584 1892 loquutio-

78 1908 200 1943 num,
230 1896 307 1937 sed
341 1896 386 1937 in
422 1898 696 1951 aposiopesi:
747 1896 892 1950 Hujus
913 1897 1082 1950 generis
1113 1897 1257 1937 nescio
1289 1909 1346 1937 an
1365 1897 1438 1938 vix
1462 1896 1586 1938 aliud

78 1953 217 2008 possit
235 1955 480 2007 exemplum
501 1956 704 2008 proferri,
735 1967 868 2007 quam
886 1956 1039 2003 «γνώμην
1059 1954 1169 2002 ἐμὴν,
1200 1957 1585 1995 commemoratum

77 2024 123 2065 p.
143 2008 245 2053 449.
278 2010 599 2065 Aristophanes
618 2013 663 2053 in
685 2011 798 2053 Pace
817 2025 857 2053 v.
890 2012 988 2053 232.
1043 2010 1164 2050 Ἀλλ’
1182 2009 1271 2058 εἶμι·
1304 2010 1367 2051 καὶ
1396 2010 1471 2065 «γὰρ
1493 2008 1583 2060 ἐξιέ-

77 2086 151 2115 ναι,
181 2069 334 2116 γνώμην
354 2068 466 2117 ἐμὴν,
490 2068 659 2110 Μέλλει.
718 2068 838 2110 Idem
856 2071 902 2110 in
923 2068 1235 2110 Ecclesiazusis
1256 2082 1294 2109 v.
1316 2067 1414 2109 348.
1445 2067 1499 2108 A.
1530 2065 1585 2110 Τι’
1599 2070 1677 2115 176

79 2125 162 2169 δῆτ’
203 2124 261 2166 ἄν’
284 2125 370 2173 &Tou
411 2131 493 2174 μῶν
528 2129 586 2167 ἐπ’
627 2125 771 2182 ἄριστον
804 2127 899 2176 γυνὴ
938 2125 1137 2168 Κέκλτικεν
1175 2125 1296 2167 αὐτὴν
1331 2130 1405 2166 τῶν
1440 2126 1583 2178 φίλων;

79 2181 128 2223 Β.
150 2180 190 2223 Γ
192 2184 316 2230 mium
338 2186 375 2231 «γ’
397 2183 508 2231 ἐμήν.
569 2183 624 2225 Et
645 2185 691 2224 in
710 2182 868 2238 Vespis
897 2183 995 2225 983.
1026 2181 1132 2230 Ἐγὼ
1153 2182 1226 2237 εγοὶρ
1248 2182 1488 2238 ἀπεδάκρυσα
1508 2186 1583 2224 νῦν.

78 2242 233 2288 ’γνώμην
253 2241 363 2291 ἐμὴν,
395 2239 496 2281 Οὐδ’
516 2239 559 2282 ἄν
580 2244 674 2282 ποτέ
692 2243 727 2290 ‘y'
750 2245 838 2282 ἀλλ’
859 2240 884 2285 ἢ
906 2245 976 2284 τῆς
993 2242 1117 2293 φακῆς
1135 2242 1415 2287 πεπλησμένος.
1465 2237 1586 2286 Quid

78 2299 215 2339 vero?
256 2310 361 2338 num
401 2297 513 2339 hanc
546 2301 684 2340 solam
717 2299 779 2342 ‚de
823 2302 889 2340 tot
932 2297 1293 2352 praepositionum
1341 2297 1582 2351 ellipsibus,

76 2366 184 2406 quas
214 2356 491 2397 «ostendimus
529 2360 692 2397 temere
731 2356 854 2398 fictas
887 2356 1040 2406 fuisse,
1082 2354 1399 2395 admittemus?
1443 2353 1583 2395 Immo

76 2415 248 2452 tantum
269 2413 410 2458 abest,
441 2417 491 2455 ut
527 2414 596 2455 hic
628 2399 853 2456 commode
873 2413 1072 2454 videatur
1099 2411 1202 2452 κατὰ
1230 2411 1416 2464 intelligi
1437 2425 1582 2466 posse,

74 2474 126 2510 ut
146 2469 183 2509 si
205 2469 309 2510 κατὰ
337 2470 587 2522 adjiciatur,
619 2484 770 2512 sensus
790 2473 916 2523 longe
937 2471 1048 2511 alius
1079 2482 1286 2510 evasurus
1317 2470 1401 2510 sit:
1433 2482 1582 2522 quem-

75 2526 309 2567 admodum
338 2527 456 2580 apud
490 2526 742 2582 Euripidem
771 2529 817 2569 in
851 2527 1158 2569 Andromacha
1187 2540 1227 2567 v.
1261 2525 1362 2567 738.
1387 2524 1522 2568 “Ovav
1542 2526 1583 2568 δὲ

76 2586 190 2624 τάκεῖ
220 2582 279 2624 θῶ
310 2585 414 2625 κατα
442 2587 596 2633 ’γνώμην
640 2586 751 2634 ἐμὴν,
776 2585 909 2635 “Ἠξω.
982 2583 1079 2632 Quo
1114 2585 1256 2637 magis
1290 2584 1496 2632 adducor,
1531 2588 1583 2625 ui:

73 2642 227 2690 γνώμην
249 2641 345 2689 ἐμῆν
363 2655 443 2696 per
463 2643 740 2698 aposiopesin
771 2643 856 2685 dici
877 2647 1026 2698 putem
1052 2656 1133 2697 pro
1152 2643 1306 2690 «γνώμην
1327 2640 1423 2689 ἐμὴν
1443 2643 1582 2690 λέγειν,

74 2703 123 2739 ut
157 2697 314 2746 dicam,
346 2699 459 2755 quod
495 2700 643 2744 sentio.
718 2699 834 2742 Nam
871 2701 1003 2742 etiam
1031 2700 1137 2740 alibi
1172 2699 1330 2739 similis
1364 2699 1584 2740 invenitur

78 2757 367 2811 aposiopesis,
396 2761 447 2799 ut
471 2758 587 2812 apud
617 2757 960 2813 Aristophanem
982 2759 1029 2798 in
1047 2756 1214 2798 Avibus
1234 2769 1275 2798 v.
1298 2754 1397 2798 274.
1431 2754 1580 2803 Οὗτος,

79 2811 108 2854 ὦ
130 2816 168 2854 σε’
187 2830 258 2856 τοι.
316 2813 372 2856 Et
400 2817 516 2870 apud
548 2816 808 2870 Sophoclem
843 2817 889 2858 in
924 2815 1147 2868 Antigona
1166 2827 1206 2855 V.
1229 2811 1328 2855 441.
1361 2812 1413 2854 Σὲ
1445 2812 1509 2861 δὴ,
1542 2814 1582 2854 σὲ

78 2870 149 2912 τὴν
183 2874 350 2913 νεύουσαν
380 2874 415 2914 ἐς
443 2873 550 2915 πέδον
591 2875 703 2929 κάρα,
738 2872 838 2930 Φῇς,
867 2873 892 2918 ἢ
921 2875 1100 2928 καταρνεῖ
1121 2871 1179 2920 μὴ
1220 2871 1427 2927 δεδρακέναι
1458 2870 1580 2918 roiam

78 2925 219 2970 Erunt
236 2930 438 2980 fortasse,
470 2933 546 2986 qui
576 2931 718 2973 simile
751 2932 1004 2987 perfugium
1039 2929 1318 2984 quaerendum
1346 2930 1503 2984 putent
1535 2928 1584 2969 in

77 2986 452 3046 participiisifibv,
482 2989 615 3046 παρὸν,
645 2988 771 3042 δόξαν,
790 2992 1001 3048 εἰρημένον,
1030 2987 1249 3047 ἀρξάμενον,
1279 2991 1323 3031 et
1356 3000 1452 3042 quae
1481 2988 1586 3030 sunt
