<?xml version="1.0" encoding="UTF-8"?>
<!DOCTYPE html PUBLIC "-//W3C//DTD XHTML 1.0 Transitional//EN"
    "http://www.w3.org/TR/xhtml1/DTD/xhtml1-transitional.dtd">
<html xmlns="http://www.w3.org/1999/xhtml" xml:lang="en" lang="en">
 <head>
  <title>
</title>
<meta http-equiv="Content-Type" content="text/html;charset=utf-8" />
  <meta name='ocr-system' content='tesseract 3.04.00' />
  <meta name='ocr-capabilities' content='ocr_page ocr_carea ocr_par ocr_line ocrx_word'/>
</head>
<body>
  <div class='ocr_page' id='page_1' title='image "./ellipsesgraecaec00bosluoft_0616.png"; bbox 0 0 1838 3164; ppageno 0'>
   <div class='ocr_carea' id='block_1_1' title="bbox 208 120 1124 167">
    <p class='ocr_par' dir='ltr' id='par_1_1' title="bbox 208 120 1124 167">
     <span class='ocr_line' id='line_1_1' title="bbox 208 120 1124 167; baseline 0.002 -4"><span class='ocrx_word' id='word_1_1' title='bbox 208 120 261 163; x_wconf 88' lang='lat'><strong>10</strong></span> <span class='ocrx_word' id='word_1_2' title='bbox 827 124 1124 167; x_wconf 79' lang='lat' dir='ltr'><strong>ISAGOGE.</strong></span> 
     </span>
    </p>
   </div>
   <div class='ocr_carea' id='block_1_2' title="bbox 196 222 1726 699">
    <p class='ocr_par' dir='ltr' id='par_1_2' title="bbox 196 222 1726 629">
     <span class='ocr_line' id='line_1_2' title="bbox 198 222 1724 302; baseline -0.001 -23"><span class='ocrx_word' id='word_1_3' title='bbox 198 237 286 279; x_wconf 88' lang='lat' dir='ltr'><strong>sita</strong></span> <span class='ocrx_word' id='word_1_4' title='bbox 318 249 415 280; x_wconf 88' lang='lat' dir='ltr'><strong>esse</strong></span> <span class='ocrx_word' id='word_1_5' title='bbox 446 237 650 291; x_wconf 80' lang='lat' dir='ltr'>idemque</span> <span class='ocrx_word' id='word_1_6' title='bbox 665 238 942 292; x_wconf 83' lang='lat' dir='ltr'><strong>significare,</strong></span> <span class='ocrx_word' id='word_1_7' title='bbox 970 239 1154 295; x_wconf 83' lang='lat' dir='ltr'><strong>possunt</strong></span> <span class='ocrx_word' id='word_1_8' title='bbox 1187 237 1323 280; x_wconf 87' lang='lat' dir='ltr'><strong>etiam</strong></span> <span class='ocrx_word' id='word_1_9' title='bbox 1357 222 1560 302; x_wconf 79' lang='lat' dir='ltr'><strong>discerni,</strong></span> <span class='ocrx_word' id='word_1_10' title='bbox 1588 240 1639 279; x_wconf 87' lang='lat' dir='ltr'><strong>ut</strong></span> <span class='ocrx_word' id='word_1_11' title='bbox 1659 235 1724 281; x_wconf 88' lang='lat' dir='ltr'><strong>di-</strong></span> 
     </span>
     <span class='ocr_line' id='line_1_3' title="bbox 196 288 1724 352; baseline 0 -16"><span class='ocrx_word' id='word_1_12' title='bbox 196 308 322 338; x_wconf 88' lang='lat' dir='ltr'><strong>verso</strong></span> <span class='ocrx_word' id='word_1_13' title='bbox 343 306 472 339; x_wconf 88' lang='lat' dir='ltr'><strong>sensu</strong></span> <span class='ocrx_word' id='word_1_14' title='bbox 508 296 641 340; x_wconf 86' lang='lat' dir='ltr'><strong>dicta.</strong></span> <span class='ocrx_word' id='word_1_15' title='bbox 702 296 824 339; x_wconf 89' lang='lat' dir='ltr'><strong>Nam</strong></span> <span class='ocrx_word' id='word_1_16' title='bbox 860 298 947 341; x_wconf 70' lang='grc' dir='ltr'><strong>λίαν</strong></span> <span class='ocrx_word' id='word_1_17' title='bbox 978 298 1082 339; x_wconf 66' lang='grc' dir='ltr'><strong>πάνυ</strong></span> <span class='ocrx_word' id='word_1_18' title='bbox 1115 299 1264 352; x_wconf 87' lang='lat' dir='ltr'><strong>potest</strong></span> <span class='ocrx_word' id='word_1_19' title='bbox 1282 308 1378 337; x_wconf 91' lang='lat' dir='ltr'><strong>esse</strong></span> <span class='ocrx_word' id='word_1_20' title='bbox 1399 293 1516 338; x_wconf 80' lang='lat' dir='ltr'><strong>omni</strong></span> <span class='ocrx_word' id='word_1_21' title='bbox 1534 288 1724 350; x_wconf 72' lang='lat' dir='ltr'><strong>exparte</strong></span> 
     </span>
     <span class='ocr_line' id='line_1_4' title="bbox 198 350 1724 423; baseline 0 -28"><span class='ocrx_word' id='word_1_22' title='bbox 198 352 337 402; x_wconf 78' lang='lat' dir='ltr'><strong>valde,</strong></span> <span class='ocrx_word' id='word_1_23' title='bbox 367 355 416 395; x_wconf 91' lang='lat' dir='ltr'><strong>ut</strong></span> <span class='ocrx_word' id='word_1_24' title='bbox 434 354 520 396; x_wconf 78' lang='grc' dir='ltr'><strong>λίαν</strong></span> <span class='ocrx_word' id='word_1_25' title='bbox 539 354 644 396; x_wconf 68' lang='grc' dir='ltr'><strong>πάνυ</strong></span> <span class='ocrx_word' id='word_1_26' title='bbox 647 355 777 423; x_wconf 37' lang='grc' dir='ltr'>,σοφὸς</span> <span class='ocrx_word' id='word_1_27' title='bbox 806 355 981 397; x_wconf 86' lang='lat' dir='ltr'><strong>dicatur</strong></span> <span class='ocrx_word' id='word_1_28' title='bbox 1015 356 1068 407; x_wconf 87' lang='lat' dir='ltr'><strong>is,</strong></span> <span class='ocrx_word' id='word_1_29' title='bbox 1098 355 1175 407; x_wconf 85' lang='lat' dir='ltr'><strong>qui</strong></span> <span class='ocrx_word' id='word_1_30' title='bbox 1206 359 1450 396; x_wconf 80' lang='lat' dir='ltr'><strong>cunctarum</strong></span> <span class='ocrx_word' id='word_1_31' title='bbox 1476 350 1634 395; x_wconf 81' lang='lat' dir='ltr'><strong>artium</strong></span> <span class='ocrx_word' id='word_1_32' title='bbox 1663 353 1724 409; x_wconf 75' lang='lat' dir='ltr'><strong>sit</strong></span> 
     </span>
     <span class='ocr_line' id='line_1_5' title="bbox 196 403 1726 472; baseline -0.001 -19"><span class='ocrx_word' id='word_1_33' title='bbox 196 409 323 453; x_wconf 76' lang='lat' dir='ltr'><strong>valde</strong></span> <span class='ocrx_word' id='word_1_34' title='bbox 342 424 529 465; x_wconf 89' lang='lat' dir='ltr'><strong>gnarus:</strong></span> <span class='ocrx_word' id='word_1_35' title='bbox 562 416 607 453; x_wconf 87' lang='lat' dir='ltr'><strong>et</strong></span> <span class='ocrx_word' id='word_1_36' title='bbox 644 412 691 453; x_wconf 90' lang='lat' dir='ltr'><strong>in</strong></span> <span class='ocrx_word' id='word_1_37' title='bbox 725 412 852 466; x_wconf 75' lang='grc' dir='ltr'>τυχὸν</span> <span class='ocrx_word' id='word_1_38' title='bbox 881 412 967 453; x_wconf 76' lang='grc' dir='ltr'><strong><em>ἴσως</em></strong></span> <span class='ocrx_word' id='word_1_39' title='bbox 999 412 1219 472; x_wconf 76' lang='lat' dir='ltr'><strong>posterIus</strong></span> <span class='ocrx_word' id='word_1_40' title='bbox 1254 412 1401 465; x_wconf 83' lang='lat' dir='ltr'><strong>potest</strong></span> <span class='ocrx_word' id='word_1_41' title='bbox 1435 421 1532 453; x_wconf 85' lang='lat' dir='ltr'><strong>esse</strong></span> <span class='ocrx_word' id='word_1_42' title='bbox 1556 403 1726 467; x_wconf 63' lang='lat' dir='ltr'><strong>pariter</strong></span> 
     </span>
     <span class='ocr_line' id='line_1_6' title="bbox 197 467 1724 527; baseline -0.001 -16"><span class='ocrx_word' id='word_1_43' title='bbox 197 470 292 512; x_wconf 87' lang='lat' dir='ltr'><strong>sive</strong></span> <span class='ocrx_word' id='word_1_44' title='bbox 329 482 458 527; x_wconf 81' lang='lat' dir='ltr'><strong>aeque.</strong></span> <span class='ocrx_word' id='word_1_45' title='bbox 519 467 606 512; x_wconf 86' lang='lat' dir='ltr'><strong>Sed</strong></span> <span class='ocrx_word' id='word_1_46' title='bbox 646 482 928 523; x_wconf 87' lang='lat' dir='ltr'><strong>quocumque</strong></span> <span class='ocrx_word' id='word_1_47' title='bbox 958 470 1088 512; x_wconf 91' lang='lat' dir='ltr'><strong>modo</strong></span> <span class='ocrx_word' id='word_1_48' title='bbox 1117 471 1172 512; x_wconf 89' lang='lat' dir='ltr'><strong>de</strong></span> <span class='ocrx_word' id='word_1_49' title='bbox 1201 470 1366 512; x_wconf 89' lang='lat' dir='ltr'><strong>talibus</strong></span> <span class='ocrx_word' id='word_1_50' title='bbox 1395 468 1496 522; x_wconf 88' lang='lat' dir='ltr'><strong>quis</strong></span> <span class='ocrx_word' id='word_1_51' title='bbox 1540 469 1724 521; x_wconf 81' lang='lat' dir='ltr'><strong>statuat,</strong></span> 
     </span>
     <span class='ocr_line' id='line_1_7' title="bbox 197 499 1725 582; baseline -0.003 -11"><span class='ocrx_word' id='word_1_52' title='bbox 197 527 256 571; x_wconf 77' lang='lat' dir='ltr'><strong>ad</strong></span> <span class='ocrx_word' id='word_1_53' title='bbox 284 528 558 582; x_wconf 87' lang='lat' dir='ltr'><strong>pleonasmos</strong></span> <span class='ocrx_word' id='word_1_54' title='bbox 596 531 732 581; x_wconf 86' lang='lat' dir='ltr'><strong>certe,</strong></span> <span class='ocrx_word' id='word_1_55' title='bbox 761 528 814 570; x_wconf 90' lang='lat' dir='ltr'><strong>de</strong></span> <span class='ocrx_word' id='word_1_56' title='bbox 843 528 1004 581; x_wconf 90' lang='lat' dir='ltr'><strong>quibus</strong></span> <span class='ocrx_word' id='word_1_57' title='bbox 1037 540 1115 570; x_wconf 89' lang='lat' dir='ltr'><strong>nos</strong></span> <span class='ocrx_word' id='word_1_58' title='bbox 1146 529 1332 582; x_wconf 83' lang='lat' dir='ltr'><strong>agimus,</strong></span> <span class='ocrx_word' id='word_1_59' title='bbox 1362 538 1450 568; x_wconf 92' lang='lat' dir='ltr'><strong>non</strong></span> <span class='ocrx_word' id='word_1_60' title='bbox 1481 526 1585 568; x_wconf 88' lang='lat' dir='ltr'><strong>sunt</strong></span> <span class='ocrx_word' id='word_1_61' title='bbox 1613 499 1725 568; x_wconf 63' lang='lat' dir='ltr'><strong>refe:</strong></span> 
     </span>
     <span class='ocr_line' id='line_1_8' title="bbox 198 586 350 629; baseline -0.014 -1"><span class='ocrx_word' id='word_1_62' title='bbox 198 586 350 629; x_wconf 86' lang='lat' dir='ltr'><strong>renda.</strong></span> 
     </span>
    </p>

    <p class='ocr_par' dir='ltr' id='par_1_3' title="bbox 252 641 1724 699">
     <span class='ocr_line' id='line_1_9' title="bbox 252 641 1724 699; baseline -0.002 -14"><span class='ocrx_word' id='word_1_63' title='bbox 252 643 286 698; x_wconf 56' lang='grc' dir='ltr'><strong>ξ.</strong></span> <span class='ocrx_word' id='word_1_64' title='bbox 319 642 362 685; x_wconf 90' lang='grc'><strong>8.</strong></span> <span class='ocrx_word' id='word_1_65' title='bbox 395 642 615 691; x_wconf 85' lang='lat' dir='ltr'><strong>Quoniam</strong></span> <span class='ocrx_word' id='word_1_66' title='bbox 660 641 882 695; x_wconf 85' lang='lat' dir='ltr'><strong>longiores</strong></span> <span class='ocrx_word' id='word_1_67' title='bbox 932 641 1003 684; x_wconf 90' lang='lat' dir='ltr'><strong>hic</strong></span> <span class='ocrx_word' id='word_1_68' title='bbox 1053 655 1149 685; x_wconf 88' lang='lat' dir='ltr'><strong>esse</strong></span> <span class='ocrx_word' id='word_1_69' title='bbox 1191 643 1418 699; x_wconf 85' lang='lat' dir='ltr'><strong>coepimus,</strong></span> <span class='ocrx_word' id='word_1_70' title='bbox 1461 652 1724 693; x_wconf 60' lang='lat' dir='ltr'><strong>commemo·⁴</strong></span> 
     </span>
    </p>
   </div>
   <div class='ocr_carea' id='block_1_3' title="bbox 194 687 1727 1720">
    <p class='ocr_par' dir='ltr' id='par_1_4' title="bbox 194 687 1727 1668">
     <span class='ocr_line' id='line_1_10' title="bbox 198 687 1727 756; baseline -0.001 -14"><span class='ocrx_word' id='word_1_71' title='bbox 198 711 300 743; x_wconf 87' lang='lat' dir='ltr'><strong>rare</strong></span> <span class='ocrx_word' id='word_1_72' title='bbox 319 700 456 744; x_wconf 84' lang='lat' dir='ltr'><strong>etiam</strong></span> <span class='ocrx_word' id='word_1_73' title='bbox 477 702 594 743; x_wconf 87' lang='lat' dir='ltr'><strong>subit</strong></span> <span class='ocrx_word' id='word_1_74' title='bbox 614 697 850 743; x_wconf 75' lang='lat' dir='ltr'><strong>sententias</strong></span> <span class='ocrx_word' id='word_1_75' title='bbox 867 698 1076 756; x_wconf 78' lang='lat' dir='ltr'><strong>integras,</strong></span> <span class='ocrx_word' id='word_1_76' title='bbox 1106 700 1268 755; x_wconf 91' lang='lat' dir='ltr'><strong>quibus</strong></span> <span class='ocrx_word' id='word_1_77' title='bbox 1303 696 1495 742; x_wconf 82' lang='lat' dir='ltr'><strong>exclusis</strong></span> <span class='ocrx_word' id='word_1_78' title='bbox 1523 699 1636 741; x_wconf 88' lang='lat' dir='ltr'><strong>nihil</strong></span> <span class='ocrx_word' id='word_1_79' title='bbox 1667 687 1727 752; x_wconf 62' lang='lat' dir='ltr'><strong>ad,</strong></span> 
     </span>
     <span class='ocr_line' id='line_1_11' title="bbox 200 758 1722 825; baseline 0 -27"><span class='ocrx_word' id='word_1_80' title='bbox 200 758 265 800; x_wconf 86' lang='lat' dir='ltr'><strong>rei</strong></span> <span class='ocrx_word' id='word_1_81' title='bbox 305 772 533 810; x_wconf 90' lang='lat' dir='ltr'><strong>summam,</strong></span> <span class='ocrx_word' id='word_1_82' title='bbox 572 771 730 825; x_wconf 79' lang='lat' dir='ltr'><strong>parum</strong></span> <span class='ocrx_word' id='word_1_83' title='bbox 779 759 916 800; x_wconf 90' lang='lat' dir='ltr'><strong>etiam</strong></span> <span class='ocrx_word' id='word_1_84' title='bbox 946 759 1003 800; x_wconf 88' lang='lat' dir='ltr'><strong>ad</strong></span> <span class='ocrx_word' id='word_1_85' title='bbox 1049 758 1139 800; x_wconf 87' lang='lat' dir='ltr'><strong>vim</strong></span> <span class='ocrx_word' id='word_1_86' title='bbox 1175 758 1447 801; x_wconf 80' lang='lat' dir='ltr'><strong>aestheticam</strong></span> <span class='ocrx_word' id='word_1_87' title='bbox 1485 758 1722 799; x_wconf 89' lang='lat' dir='ltr'><strong>desideres.</strong></span> 
     </span>
     <span class='ocr_line' id='line_1_12' title="bbox 199 814 1723 870; baseline -0.001 -12"><span class='ocrx_word' id='word_1_88' title='bbox 199 814 319 858; x_wconf 90' lang='lat' dir='ltr'><strong>Nam</strong></span> <span class='ocrx_word' id='word_1_89' title='bbox 353 816 627 870; x_wconf 84' lang='lat' dir='ltr'><strong>grammatici</strong></span> <span class='ocrx_word' id='word_1_90' title='bbox 669 820 838 858; x_wconf 88' lang='lat' dir='ltr'><strong>veteres</strong></span> <span class='ocrx_word' id='word_1_91' title='bbox 876 817 1010 858; x_wconf 87' lang='lat' dir='ltr'><strong>etiam</strong></span> <span class='ocrx_word' id='word_1_92' title='bbox 1051 816 1131 858; x_wconf 89' lang='lat' dir='ltr'><strong>has</strong></span> <span class='ocrx_word' id='word_1_93' title='bbox 1162 817 1208 858; x_wconf 91' lang='lat' dir='ltr'><strong>in</strong></span> <span class='ocrx_word' id='word_1_94' title='bbox 1239 828 1422 859; x_wconf 86' lang='lat' dir='ltr'><strong>numero</strong></span> <span class='ocrx_word' id='word_1_95' title='bbox 1451 815 1723 870; x_wconf 89' lang='lat' dir='ltr'><strong>pleonasmo-</strong></span> 
     </span>
     <span class='ocr_line' id='line_1_13' title="bbox 198 873 1722 933; baseline 0 -19"><span class='ocrx_word' id='word_1_96' title='bbox 198 886 298 916; x_wconf 90' lang='lat' dir='ltr'><strong>rum</strong></span> <span class='ocrx_word' id='word_1_97' title='bbox 336 873 513 916; x_wconf 87' lang='lat' dir='ltr'><strong>habent.</strong></span> <span class='ocrx_word' id='word_1_98' title='bbox 574 873 841 916; x_wconf 84' lang='lat' dir='ltr'><strong>Plutarchus</strong></span> <span class='ocrx_word' id='word_1_99' title='bbox 874 874 1062 933; x_wconf 89' lang='lat' dir='ltr'><strong>quidem,</strong></span> <span class='ocrx_word' id='word_1_100' title='bbox 1093 877 1171 916; x_wconf 92' lang='lat' dir='ltr'><strong>aut</strong></span> <span class='ocrx_word' id='word_1_101' title='bbox 1204 874 1407 928; x_wconf 90' lang='lat' dir='ltr'><strong>quisquis</strong></span> <span class='ocrx_word' id='word_1_102' title='bbox 1441 876 1524 925; x_wconf 89' lang='lat' dir='ltr'><strong>est,</strong></span> <span class='ocrx_word' id='word_1_103' title='bbox 1554 874 1599 915; x_wconf 92' lang='lat' dir='ltr'><strong>in</strong></span> <span class='ocrx_word' id='word_1_104' title='bbox 1630 874 1722 915; x_wconf 84' lang='lat' dir='ltr'><strong>vita</strong></span> 
     </span>
     <span class='ocr_line' id='line_1_14' title="bbox 199 930 1723 986; baseline -0.001 -13"><span class='ocrx_word' id='word_1_105' title='bbox 199 930 382 973; x_wconf 84' lang='lat' dir='ltr'><strong>Homeri</strong></span> <span class='ocrx_word' id='word_1_106' title='bbox 422 932 589 985; x_wconf 90' lang='lat' dir='ltr'><strong>aliique</strong></span> <span class='ocrx_word' id='word_1_107' title='bbox 620 932 736 973; x_wconf 90' lang='lat' dir='ltr'><strong>inter</strong></span> <span class='ocrx_word' id='word_1_108' title='bbox 771 931 971 986; x_wconf 65' lang='grc' dir='ltr'>σχήματα</span> <span class='ocrx_word' id='word_1_109' title='bbox 1019 930 1204 974; x_wconf 90' lang='lat' dir='ltr'><strong>Homeri</strong></span> <span class='ocrx_word' id='word_1_110' title='bbox 1243 933 1440 974; x_wconf 87' lang='lat' dir='ltr'><strong>referunt</strong></span> <span class='ocrx_word' id='word_1_111' title='bbox 1479 930 1723 973; x_wconf 84' lang='lat' dir='ltr'><strong>sententias</strong></span> 
     </span>
     <span class='ocr_line' id='line_1_15' title="bbox 196 988 1723 1046; baseline -0.001 -15"><span class='ocrx_word' id='word_1_112' title='bbox 196 988 379 1032; x_wconf 87' lang='lat' dir='ltr'><strong>diversis</strong></span> <span class='ocrx_word' id='word_1_113' title='bbox 412 990 558 1031; x_wconf 87' lang='lat' dir='ltr'><strong>verbis</strong></span> <span class='ocrx_word' id='word_1_114' title='bbox 578 991 807 1044; x_wconf 89' lang='lat' dir='ltr'><strong>repetitas.</strong></span> <span class='ocrx_word' id='word_1_115' title='bbox 868 988 994 1031; x_wconf 89' lang='lat' dir='ltr'><strong>Talia</strong></span> <span class='ocrx_word' id='word_1_116' title='bbox 1018 998 1107 1031; x_wconf 88' lang='lat' dir='ltr'><strong>non</strong></span> <span class='ocrx_word' id='word_1_117' title='bbox 1127 990 1353 1046; x_wconf 84' lang='lat' dir='ltr'><strong>pertinent</strong></span> <span class='ocrx_word' id='word_1_118' title='bbox 1384 989 1441 1031; x_wconf 88' lang='lat' dir='ltr'><strong>ad</strong></span> <span class='ocrx_word' id='word_1_119' title='bbox 1470 989 1723 1031; x_wconf 89' lang='lat' dir='ltr'><strong>institutum</strong></span> 
     </span>
     <span class='ocr_line' id='line_1_16' title="bbox 195 1046 1723 1104; baseline -0.001 -16"><span class='ocrx_word' id='word_1_120' title='bbox 195 1051 406 1104; x_wconf 82' lang='lat' dir='ltr'><strong>nostrum.</strong></span> <span class='ocrx_word' id='word_1_121' title='bbox 466 1046 587 1089; x_wconf 87' lang='lat' dir='ltr'><strong>Nam</strong></span> <span class='ocrx_word' id='word_1_122' title='bbox 625 1061 801 1090; x_wconf 90' lang='lat' dir='ltr'><strong>sensum</strong></span> <span class='ocrx_word' id='word_1_123' title='bbox 850 1048 1123 1102; x_wconf 82' lang='lat' dir='ltr'><strong>singulorum</strong></span> <span class='ocrx_word' id='word_1_124' title='bbox 1164 1047 1440 1101; x_wconf 90' lang='lat' dir='ltr'><strong>quorundam</strong></span> <span class='ocrx_word' id='word_1_125' title='bbox 1491 1047 1723 1088; x_wconf 87' lang='lat' dir='ltr'><strong>verborum</strong></span> 
     </span>
     <span class='ocr_line' id='line_1_17' title="bbox 196 1104 1723 1162; baseline -0.001 -16"><span class='ocrx_word' id='word_1_126' title='bbox 196 1118 284 1147; x_wconf 89' lang='lat' dir='ltr'><strong>non</strong></span> <span class='ocrx_word' id='word_1_127' title='bbox 318 1106 573 1157; x_wconf 87' lang='lat' dir='ltr'><strong>attingunt:</strong></span> <span class='ocrx_word' id='word_1_128' title='bbox 606 1108 666 1157; x_wconf 88' lang='lat' dir='ltr'><strong>et,</strong></span> <span class='ocrx_word' id='word_1_129' title='bbox 695 1107 730 1147; x_wconf 93' lang='lat' dir='ltr'><strong>si</strong></span> <span class='ocrx_word' id='word_1_130' title='bbox 771 1106 905 1148; x_wconf 85' lang='lat' dir='ltr'><strong>latius</strong></span> <span class='ocrx_word' id='word_1_131' title='bbox 937 1119 1112 1148; x_wconf 90' lang='lat' dir='ltr'><strong>sumere</strong></span> <span class='ocrx_word' id='word_1_132' title='bbox 1142 1105 1388 1162; x_wconf 88' lang='lat' dir='ltr'><strong>pleonasmi</strong></span> <span class='ocrx_word' id='word_1_133' title='bbox 1430 1104 1723 1159; x_wconf 42' lang='lat' dir='ltr'><strong>nomen1pla-</strong></span> 
     </span>
     <span class='ocr_line' id='line_1_18' title="bbox 195 1163 1726 1219; baseline -0.001 -15"><span class='ocrx_word' id='word_1_134' title='bbox 195 1164 373 1214; x_wconf 86' lang='lat' dir='ltr'><strong>cuisset,</strong></span> <span class='ocrx_word' id='word_1_135' title='bbox 403 1166 552 1205; x_wconf 85' lang='lat' dir='ltr'><strong>tamen</strong></span> <span class='ocrx_word' id='word_1_136' title='bbox 575 1164 666 1205; x_wconf 88' lang='lat' dir='ltr'><strong>haec</strong></span> <span class='ocrx_word' id='word_1_137' title='bbox 700 1164 800 1205; x_wconf 88' lang='lat' dir='ltr'><strong>aliis</strong></span> <span class='ocrx_word' id='word_1_138' title='bbox 834 1164 1196 1219; x_wconf 84' lang='lat' dir='ltr'><strong>relinqueremus,</strong></span> <span class='ocrx_word' id='word_1_139' title='bbox 1225 1165 1339 1219; x_wconf 88' lang='lat' dir='ltr'><strong>quia</strong></span> <span class='ocrx_word' id='word_1_140' title='bbox 1359 1163 1584 1205; x_wconf 89' lang='lat' dir='ltr'><strong>infinitum</strong></span> <span class='ocrx_word' id='word_1_141' title='bbox 1611 1163 1726 1204; x_wconf 86' lang='lat' dir='ltr'><strong>esset</strong></span> 
     </span>
     <span class='ocr_line' id='line_1_19' title="bbox 197 1219 1726 1276; baseline 0 -14"><span class='ocrx_word' id='word_1_142' title='bbox 197 1233 250 1262; x_wconf 89' lang='lat' dir='ltr'><strong>ea</strong></span> <span class='ocrx_word' id='word_1_143' title='bbox 284 1234 536 1274; x_wconf 84' lang='lat' dir='ltr'><strong>congerere,</strong></span> <span class='ocrx_word' id='word_1_144' title='bbox 568 1226 612 1263; x_wconf 92' lang='lat' dir='ltr'><strong>et</strong></span> <span class='ocrx_word' id='word_1_145' title='bbox 645 1219 959 1264; x_wconf 89' lang='lat' dir='ltr'><strong>difficillimum</strong></span> <span class='ocrx_word' id='word_1_146' title='bbox 999 1223 1056 1264; x_wconf 86' lang='lat' dir='ltr'><strong>ad</strong></span> <span class='ocrx_word' id='word_1_147' title='bbox 1093 1226 1233 1265; x_wconf 87' lang='lat' dir='ltr'><strong>certas</strong></span> <span class='ocrx_word' id='word_1_148' title='bbox 1267 1222 1386 1276; x_wconf 86' lang='lat' dir='ltr'><strong>leges</strong></span> <span class='ocrx_word' id='word_1_149' title='bbox 1425 1233 1646 1272; x_wconf 87' lang='lat' dir='ltr'><strong>revocare,</strong></span> <span class='ocrx_word' id='word_1_150' title='bbox 1673 1223 1726 1262; x_wconf 91' lang='lat' dir='ltr'><strong>ut</strong></span> 
     </span>
     <span class='ocr_line' id='line_1_20' title="bbox 196 1275 1723 1350; baseline 0 -31"><span class='ocrx_word' id='word_1_151' title='bbox 196 1291 286 1320; x_wconf 88' lang='lat' dir='ltr'><strong>una</strong></span> <span class='ocrx_word' id='word_1_152' title='bbox 319 1279 681 1333; x_wconf 83' lang='lat' dir='ltr'><strong>interpretatione</strong></span> <span class='ocrx_word' id='word_1_153' title='bbox 716 1282 844 1348; x_wconf 85' lang='lat' dir='ltr'><strong>plura</strong></span> <span class='ocrx_word' id='word_1_154' title='bbox 868 1281 965 1321; x_wconf 88' lang='lat' dir='ltr'><strong>loca</strong></span> <span class='ocrx_word' id='word_1_155' title='bbox 998 1281 1208 1323; x_wconf 87' lang='lat' dir='ltr'><strong>illustrari</strong></span> <span class='ocrx_word' id='word_1_156' title='bbox 1242 1283 1438 1335; x_wconf 90' lang='lat' dir='ltr'><strong>possent.</strong></span> <span class='ocrx_word' id='word_1_157' title='bbox 1497 1276 1630 1350; x_wconf 89' lang='lat' dir='ltr'><strong>Apud</strong></span> <span class='ocrx_word' id='word_1_158' title='bbox 1647 1275 1723 1319; x_wconf 90' lang='lat' dir='ltr'><strong>AE-</strong></span> 
     </span>
     <span class='ocr_line' id='line_1_21' title="bbox 197 1335 1722 1411; baseline -0.001 -33"><span class='ocrx_word' id='word_1_159' title='bbox 197 1335 436 1379; x_wconf 86' lang='lat' dir='ltr'><strong>lianumV.</strong></span> <span class='ocrx_word' id='word_1_160' title='bbox 459 1335 517 1378; x_wconf 95' lang='lat' dir='ltr'><strong>H.</strong></span> <span class='ocrx_word' id='word_1_161' title='bbox 547 1338 578 1378; x_wconf 90' lang='lat' dir='ltr'><strong>i.</strong></span> <span class='ocrx_word' id='word_1_162' title='bbox 610 1337 654 1379; x_wconf 86' lang='lat'><strong>3.</strong></span> <span class='ocrx_word' id='word_1_163' title='bbox 690 1339 752 1379; x_wconf 91' lang='lat' dir='ltr'><strong>sic</strong></span> <span class='ocrx_word' id='word_1_164' title='bbox 781 1338 994 1411; x_wconf 90' lang='lat' dir='ltr'><strong>scriptum</strong></span> <span class='ocrx_word' id='word_1_165' title='bbox 1015 1343 1105 1380; x_wconf 88' lang='lat' dir='ltr'><strong>est:</strong></span> <span class='ocrx_word' id='word_1_166' title='bbox 1138 1338 1243 1380; x_wconf 75' lang='grc' dir='ltr'><strong>’ὄντες</strong></span> <span class='ocrx_word' id='word_1_167' title='bbox 1277 1339 1312 1378; x_wconf 82' lang='grc' dir='ltr'><strong>ἐν</strong></span> <span class='ocrx_word' id='word_1_168' title='bbox 1340 1337 1523 1392; x_wconf 66' lang='grc' dir='ltr'><strong>γεωργίᾳ,</strong></span> <span class='ocrx_word' id='word_1_169' title='bbox 1554 1334 1722 1391; x_wconf 63' lang='grc' dir='ltr'><strong>καὶπερὶ</strong></span> 
     </span>
     <span class='ocr_line' id='line_1_22' title="bbox 196 1390 1721 1448; baseline -0.001 -12"><span class='ocrx_word' id='word_1_170' title='bbox 196 1396 269 1443; x_wconf 65' lang='grc' dir='ltr'><strong>’γῆν</strong></span> <span class='ocrx_word' id='word_1_171' title='bbox 288 1396 533 1443; x_wconf 67' lang='grc' dir='ltr'>πονούμενοι·</span> <span class='ocrx_word' id='word_1_172' title='bbox 565 1397 610 1437; x_wconf 74' lang='lat' dir='ltr'><strong>et</strong></span> <span class='ocrx_word' id='word_1_173' title='bbox 647 1408 684 1436; x_wconf 84' lang='lat' dir='ltr'>C</span> <span class='ocrx_word' id='word_1_174' title='bbox 724 1407 810 1448; x_wconf 85' lang='lat' dir='ltr'><strong>seq.</strong></span> <span class='ocrx_word' id='word_1_175' title='bbox 845 1413 889 1436; x_wconf 85' lang='grc' dir='ltr'>το</span> <span class='ocrx_word' id='word_1_176' title='bbox 925 1400 1014 1444; x_wconf 68' lang='grc' dir='ltr'>γοῦν</span> <span class='ocrx_word' id='word_1_177' title='bbox 1049 1395 1155 1445; x_wconf 81' lang='grc' dir='ltr'>ἐμον,</span> <span class='ocrx_word' id='word_1_178' title='bbox 1187 1394 1251 1436; x_wconf 69' lang='grc' dir='ltr'><strong>καὶ</strong></span> <span class='ocrx_word' id='word_1_179' title='bbox 1283 1412 1328 1435; x_wconf 78' lang='grc' dir='ltr'>το</span> <span class='ocrx_word' id='word_1_180' title='bbox 1347 1395 1439 1435; x_wconf 81' lang='grc' dir='ltr'><strong>κατ’.</strong></span> <span class='ocrx_word' id='word_1_181' title='bbox 1469 1395 1549 1442; x_wconf 79' lang='grc' dir='ltr'><strong>ἐμέ.</strong></span> <span class='ocrx_word' id='word_1_182' title='bbox 1611 1390 1721 1434; x_wconf 84' lang='lat' dir='ltr'><strong>Haec</strong></span> 
     </span>
     <span class='ocr_line' id='line_1_23' title="bbox 194 1446 1720 1506; baseline -0.001 -13"><span class='ocrx_word' id='word_1_183' title='bbox 194 1455 344 1494; x_wconf 87' lang='lat' dir='ltr'><strong>utrum</strong></span> <span class='ocrx_word' id='word_1_184' title='bbox 364 1452 548 1495; x_wconf 87' lang='lat' dir='ltr'><strong>eandem</strong></span> <span class='ocrx_word' id='word_1_185' title='bbox 569 1454 659 1494; x_wconf 89' lang='lat' dir='ltr'><strong>vim</strong></span> <span class='ocrx_word' id='word_1_186' title='bbox 681 1453 886 1505; x_wconf 83' lang='lat' dir='ltr'><strong>habeant,</strong></span> <span class='ocrx_word' id='word_1_187' title='bbox 908 1466 965 1494; x_wconf 89' lang='lat' dir='ltr'><strong>an</strong></span> <span class='ocrx_word' id='word_1_188' title='bbox 996 1454 1165 1505; x_wconf 81' lang='lat' dir='ltr'><strong>aliquid</strong></span> <span class='ocrx_word' id='word_1_189' title='bbox 1200 1457 1279 1495; x_wconf 86' lang='lat' dir='ltr'><strong>aut</strong></span> <span class='ocrx_word' id='word_1_190' title='bbox 1300 1453 1575 1506; x_wconf 89' lang='lat' dir='ltr'><strong>aliquantum</strong></span> <span class='ocrx_word' id='word_1_191' title='bbox 1594 1446 1720 1492; x_wconf 84' lang='lat' dir='ltr'><strong>diffe-</strong></span> 
     </span>
     <span class='ocr_line' id='line_1_24' title="bbox 194 1509 1721 1565; baseline -0.001 -14"><span class='ocrx_word' id='word_1_192' title='bbox 194 1513 310 1562; x_wconf 89' lang='lat' dir='ltr'><strong>rant,</strong></span> <span class='ocrx_word' id='word_1_193' title='bbox 345 1511 636 1565; x_wconf 86' lang='lat' dir='ltr'><strong>interpretum</strong></span> <span class='ocrx_word' id='word_1_194' title='bbox 654 1512 738 1552; x_wconf 88' lang='lat' dir='ltr'><strong>erit</strong></span> <span class='ocrx_word' id='word_1_195' title='bbox 757 1513 1016 1564; x_wconf 85' lang='lat' dir='ltr'><strong>exquirere.</strong></span> <span class='ocrx_word' id='word_1_196' title='bbox 1063 1509 1125 1552; x_wconf 93' lang='lat' dir='ltr'><strong>Hi</strong></span> <span class='ocrx_word' id='word_1_197' title='bbox 1155 1511 1192 1552; x_wconf 91' lang='lat' dir='ltr'><strong>si</strong></span> <span class='ocrx_word' id='word_1_198' title='bbox 1213 1511 1441 1552; x_wconf 87' lang='lat' dir='ltr'><strong>rhetorum</strong></span> <span class='ocrx_word' id='word_1_199' title='bbox 1460 1510 1595 1551; x_wconf 87' lang='lat' dir='ltr'><strong>etiam</strong></span> <span class='ocrx_word' id='word_1_200' title='bbox 1626 1521 1721 1550; x_wconf 89' lang='lat' dir='ltr'><strong>mu-</strong></span> 
     </span>
     <span class='ocr_line' id='line_1_25' title="bbox 196 1558 1722 1633; baseline -0.001 -24"><span class='ocrx_word' id='word_1_201' title='bbox 196 1581 302 1610; x_wconf 89' lang='lat' dir='ltr'><strong>nere</strong></span> <span class='ocrx_word' id='word_1_202' title='bbox 339 1569 600 1621; x_wconf 86' lang='lat' dir='ltr'><strong>funguntur,</strong></span> <span class='ocrx_word' id='word_1_203' title='bbox 645 1570 871 1611; x_wconf 88' lang='lat' dir='ltr'><strong>consulere</strong></span> <span class='ocrx_word' id='word_1_204' title='bbox 907 1558 1095 1633; x_wconf 51' lang='lat' dir='ltr'><strong>fortas&#39;se</strong></span> <span class='ocrx_word' id='word_1_205' title='bbox 1130 1568 1355 1611; x_wconf 88' lang='lat' dir='ltr'><strong>debebunt</strong></span> <span class='ocrx_word' id='word_1_206' title='bbox 1395 1566 1722 1615; x_wconf 84' lang='lat' dir='ltr'><strong>Quintilianum</strong></span> 
     </span>
     <span class='ocr_line' id='line_1_26' title="bbox 195 1624 991 1720; baseline 0.001 -53"><span class='ocrx_word' id='word_1_207' title='bbox 195 1626 258 1667; x_wconf 88' lang='lat' dir='ltr'><strong>ix.</strong></span> <span class='ocrx_word' id='word_1_208' title='bbox 255 1626 323 1720; x_wconf 88' lang='lat'><strong>3,</strong></span> <span class='ocrx_word' id='word_1_209' title='bbox 339 1625 381 1668; x_wconf 99' lang='lat'><strong>4.</strong></span> <span class='ocrx_word' id='word_1_210' title='bbox 406 1639 439 1667; x_wconf 92' lang='lat' dir='ltr'><strong>s</strong></span> <span class='ocrx_word' id='word_1_211' title='bbox 462 1632 507 1668; x_wconf 86' lang='lat' dir='ltr'><strong>et</strong></span> <span class='ocrx_word' id='word_1_212' title='bbox 527 1639 719 1668; x_wconf 79' lang='lat' dir='ltr'><strong>maxime</strong></span> <span class='ocrx_word' id='word_1_213' title='bbox 738 1639 800 1668; x_wconf 84' lang='grc' dir='ltr'><strong>ιΧ</strong></span> <span class='ocrx_word' id='word_1_214' title='bbox 822 1624 863 1677; x_wconf 87' lang='grc'><strong>4,</strong></span> <span class='ocrx_word' id='word_1_215' title='bbox 897 1625 991 1668; x_wconf 92' lang='grc'><strong>119.</strong></span> 
     </span>
    </p>
   </div>
   <div class='ocr_carea' id='block_1_4' title="bbox 326 1682 1794 1739">
    <p class='ocr_par' dir='ltr' id='par_1_5' title="bbox 326 1682 1794 1739">
     <span class='ocr_line' id='line_1_27' title="bbox 326 1682 1794 1739; baseline 0 -14"><span class='ocrx_word' id='word_1_216' title='bbox 326 1683 368 1729; x_wconf 91' lang='lat'><strong>9.</strong></span> <span class='ocrx_word' id='word_1_217' title='bbox 411 1682 597 1738; x_wconf 90' lang='lat' dir='ltr'><strong>Propter</strong></span> <span class='ocrx_word' id='word_1_218' title='bbox 626 1686 856 1739; x_wconf 87' lang='lat' dir='ltr'><strong>propriam</strong></span> <span class='ocrx_word' id='word_1_219' title='bbox 893 1693 974 1725; x_wconf 69' lang='grc' dir='ltr'><strong>πλε</strong></span> <span class='ocrx_word' id='word_1_220' title='bbox 977 1701 1140 1732; x_wconf 76' lang='grc' dir='ltr'>ονασμου</span> <span class='ocrx_word' id='word_1_221' title='bbox 1177 1683 1558 1738; x_wconf 84' lang='lat' dir='ltr'><strong>significationem,</strong></span> <span class='ocrx_word' id='word_1_222' title='bbox 1587 1694 1722 1736; x_wconf 88' lang='lat' dir='ltr'><strong>quam</strong></span> <span class='ocrx_word' id='word_1_223' title='bbox 1787 1689 1794 1702; x_wconf 89' lang='lat'>&#39;</span> 
     </span>
    </p>
   </div>
   <div class='ocr_carea' id='block_1_5' title="bbox 193 1740 1742 3020">
    <p class='ocr_par' dir='ltr' id='par_1_6' title="bbox 197 1740 1723 1853">
     <span class='ocr_line' id='line_1_28' title="bbox 197 1740 1723 1796; baseline 0.001 -14"><span class='ocrx_word' id='word_1_224' title='bbox 197 1745 243 1783; x_wconf 89' lang='lat' dir='ltr'><strong>et</strong></span> <span class='ocrx_word' id='word_1_225' title='bbox 265 1740 619 1789; x_wconf 85' lang='lat' dir='ltr'><strong>Quintilianusl.</strong></span> <span class='ocrx_word' id='word_1_226' title='bbox 638 1743 668 1782; x_wconf 90' lang='lat' dir='ltr'><strong>l.</strong></span> <span class='ocrx_word' id='word_1_227' title='bbox 692 1743 900 1795; x_wconf 88' lang='lat' dir='ltr'><strong>sequitur,</strong></span> <span class='ocrx_word' id='word_1_228' title='bbox 931 1742 1207 1796; x_wconf 85' lang='lat' dir='ltr'><strong>grammatici</strong></span> <span class='ocrx_word' id='word_1_229' title='bbox 1236 1743 1371 1784; x_wconf 88' lang='lat' dir='ltr'><strong>etiam</strong></span> <span class='ocrx_word' id='word_1_230' title='bbox 1393 1741 1449 1783; x_wconf 87' lang='lat' dir='ltr'><strong>ad</strong></span> <span class='ocrx_word' id='word_1_231' title='bbox 1475 1741 1646 1782; x_wconf 86' lang='lat' dir='ltr'><strong>litteras</strong></span> <span class='ocrx_word' id='word_1_232' title='bbox 1677 1743 1723 1784; x_wconf 75' lang='lat' dir='ltr'><strong>et</strong></span> 
     </span>
     <span class='ocr_line' id='line_1_29' title="bbox 197 1795 1717 1858; baseline -0.001 -18"><span class='ocrx_word' id='word_1_233' title='bbox 197 1800 386 1858; x_wconf 87' lang='lat' dir='ltr'><strong>syllabas</strong></span> <span class='ocrx_word' id='word_1_234' title='bbox 415 1800 528 1841; x_wconf 88' lang='lat' dir='ltr'><strong>hanc</strong></span> <span class='ocrx_word' id='word_1_235' title='bbox 557 1801 744 1852; x_wconf 86' lang='lat' dir='ltr'><strong>figuram</strong></span> <span class='ocrx_word' id='word_1_236' title='bbox 780 1801 991 1842; x_wconf 87' lang='lat' dir='ltr'><strong>referunt.</strong></span> <span class='ocrx_word' id='word_1_237' title='bbox 1051 1798 1243 1853; x_wconf 90' lang='lat' dir='ltr'><strong>Etymol.</strong></span> <span class='ocrx_word' id='word_1_238' title='bbox 1289 1799 1352 1841; x_wconf 92' lang='grc' dir='ltr'><strong>Μ.</strong></span> <span class='ocrx_word' id='word_1_239' title='bbox 1412 1799 1494 1841; x_wconf 92' lang='lat' dir='ltr'><strong>sub</strong></span> <span class='ocrx_word' id='word_1_240' title='bbox 1538 1795 1717 1839; x_wconf 66' lang='grc' dir='ltr'><strong>Ἠἓεῖος·</strong></span> 
     </span>
    </p>

    <p class='ocr_par' dir='ltr' id='par_1_7' title="bbox 195 1850 1742 2140">
     <span class='ocr_line' id='line_1_30' title="bbox 195 1850 1720 1929; baseline 0 -31"><span class='ocrx_word' id='word_1_241' title='bbox 195 1859 224 1879; x_wconf 84' lang='grc'><strong>“</strong></span> <span class='ocrx_word' id='word_1_242' title='bbox 257 1850 412 1898; x_wconf 81' lang='grc' dir='ltr'>Γίνεται</span> <span class='ocrx_word' id='word_1_243' title='bbox 433 1856 471 1898; x_wconf 77' lang='grc' dir='ltr'><strong>δὲ</strong></span> <span class='ocrx_word' id='word_1_244' title='bbox 488 1857 603 1929; x_wconf 58' lang='grc' dir='ltr'><strong>παρὰ</strong></span> <span class='ocrx_word' id='word_1_245' title='bbox 616 1876 662 1898; x_wconf 86' lang='grc' dir='ltr'>το</span> <span class='ocrx_word' id='word_1_246' title='bbox 682 1856 784 1906; x_wconf 62' lang='grc' dir='ltr'>ἓεος,</span> <span class='ocrx_word' id='word_1_247' title='bbox 802 1857 867 1899; x_wconf 80' lang='grc' dir='ltr'><strong>καῖ</strong></span> <span class='ocrx_word' id='word_1_248' title='bbox 886 1863 1115 1914; x_wconf 80' lang='grc' dir='ltr'>πλεονασμῷ</span> <span class='ocrx_word' id='word_1_249' title='bbox 1145 1861 1212 1900; x_wconf 79' lang='grc' dir='ltr'>τοῦ</span> <span class='ocrx_word' id='word_1_250' title='bbox 1231 1857 1277 1899; x_wconf 89' lang='grc' dir='ltr'>Η</span> <span class='ocrx_word' id='word_1_251' title='bbox 1297 1856 1452 1900; x_wconf 48' lang='lat' dir='ltr'><strong>offilo?</strong></span> <span class='ocrx_word' id='word_1_252' title='bbox 1472 1860 1552 1899; x_wconf 77' lang='lat' dir='ltr'><strong>etc-</strong></span> <span class='ocrx_word' id='word_1_253' title='bbox 1583 1854 1720 1898; x_wconf 78' lang='lat' dir='ltr'><strong>Athe-</strong></span> 
     </span>
     <span class='ocr_line' id='line_1_31' title="bbox 199 1911 1722 1972; baseline 0.001 -17"><span class='ocrx_word' id='word_1_254' title='bbox 199 1927 320 1955; x_wconf 87' lang='lat' dir='ltr'><strong>naeus</strong></span> <span class='ocrx_word' id='word_1_255' title='bbox 356 1915 403 1956; x_wconf 82' lang='lat' dir='ltr'><strong>ii.</strong></span> <span class='ocrx_word' id='word_1_256' title='bbox 428 1915 468 1956; x_wconf 87' lang='lat'><strong>7.</strong></span> <span class='ocrx_word' id='word_1_257' title='bbox 499 1913 603 1956; x_wconf 78' lang='grc' dir='ltr'><strong>Τὸ”</strong></span> <span class='ocrx_word' id='word_1_258' title='bbox 579 1932 732 1958; x_wconf 75' lang='grc' dir='ltr'><strong>ανηστις</strong></span> <span class='ocrx_word' id='word_1_259' title='bbox 753 1917 794 1956; x_wconf 79' lang='grc' dir='ltr'><strong>ἐκ</strong></span> <span class='ocrx_word' id='word_1_260' title='bbox 815 1920 883 1957; x_wconf 76' lang='grc' dir='ltr'>τοῦ</span> <span class='ocrx_word' id='word_1_261' title='bbox 904 1919 1043 1966; x_wconf 72' lang='grc' dir='ltr'><strong>νῆστις,</strong></span> <span class='ocrx_word' id='word_1_262' title='bbox 1071 1921 1305 1972; x_wconf 67' lang='grc' dir='ltr'>πλεονασμῷ</span> <span class='ocrx_word' id='word_1_263' title='bbox 1329 1920 1396 1957; x_wconf 75' lang='grc' dir='ltr'>τοῦ</span> <span class='ocrx_word' id='word_1_264' title='bbox 1416 1911 1474 1964; x_wconf 85' lang='grc' dir='ltr'><strong>Α,</strong></span> <span class='ocrx_word' id='word_1_265' title='bbox 1496 1917 1546 1956; x_wconf 75' lang='grc' dir='ltr'><strong>ὡς</strong></span> <span class='ocrx_word' id='word_1_266' title='bbox 1566 1914 1722 1967; x_wconf 70' lang='grc' dir='ltr'><strong><em>στάχυς</em></strong></span> 
     </span>
     <span class='ocr_line' id='line_1_32' title="bbox 199 1970 1720 2028; baseline 0 -16"><span class='ocrx_word' id='word_1_267' title='bbox 199 1970 397 2025; x_wconf 69' lang='grc' dir='ltr'><strong>ἄσταχυς,</strong></span> <span class='ocrx_word' id='word_1_268' title='bbox 427 1974 538 2028; x_wconf 68' lang='grc' dir='ltr'><strong>παρὰ</strong></span> <span class='ocrx_word' id='word_1_269' title='bbox 574 1971 773 2028; x_wconf 74' lang='grc' dir='ltr'><strong>Κρατίνω,</strong></span> <span class='ocrx_word' id='word_1_270' title='bbox 804 1991 844 2014; x_wconf 83' lang='grc' dir='ltr'><strong>κε</strong></span> <span class='ocrx_word' id='word_1_271' title='bbox 850 1991 942 2015; x_wconf 78' lang='grc' dir='ltr'><strong>ιται.</strong></span> <span class='ocrx_word' id='word_1_272' title='bbox 1003 1972 1271 2026; x_wconf 84' lang='lat' dir='ltr'><strong>Hujusmodi</strong></span> <span class='ocrx_word' id='word_1_273' title='bbox 1303 1972 1580 2015; x_wconf 72' lang='lat' dir='ltr'><strong>abundantia</strong></span> <span class='ocrx_word' id='word_1_274' title='bbox 1607 1970 1720 2016; x_wconf 79' lang='lat' dir='ltr'><strong>nihil</strong></span> 
     </span>
     <span class='ocr_line' id='line_1_33' title="bbox 196 2029 1742 2087; baseline -0.001 -16"><span class='ocrx_word' id='word_1_275' title='bbox 196 2030 262 2072; x_wconf 81' lang='lat' dir='ltr'><strong>ad</strong></span> <span class='ocrx_word' id='word_1_276' title='bbox 275 2044 370 2071; x_wconf 89' lang='lat' dir='ltr'><strong>nos.</strong></span> <span class='ocrx_word' id='word_1_277' title='bbox 433 2029 520 2071; x_wconf 86' lang='lat' dir='ltr'><strong>Sed</strong></span> <span class='ocrx_word' id='word_1_278' title='bbox 552 2034 700 2071; x_wconf 87' lang='lat' dir='ltr'><strong>tamen</strong></span> <span class='ocrx_word' id='word_1_279' title='bbox 733 2031 786 2072; x_wconf 90' lang='lat' dir='ltr'><strong>de</strong></span> <span class='ocrx_word' id='word_1_280' title='bbox 816 2029 994 2087; x_wconf 70' lang='lat' dir='ltr'><strong>syllabas</strong></span> <span class='ocrx_word' id='word_1_281' title='bbox 1016 2032 1282 2086; x_wconf 88' lang='lat' dir='ltr'><strong>quibusdam</strong></span> <span class='ocrx_word' id='word_1_282' title='bbox 1315 2044 1446 2084; x_wconf 85' lang='lat' dir='ltr'><strong>agere</strong></span> <span class='ocrx_word' id='word_1_283' title='bbox 1476 2040 1742 2086; x_wconf 87' lang='lat' dir='ltr'><strong>possemus,·</strong></span> 
     </span>
     <span class='ocr_line' id='line_1_34' title="bbox 197 2086 1717 2140; baseline -0.001 -12"><span class='ocrx_word' id='word_1_284' title='bbox 197 2100 385 2140; x_wconf 89' lang='lat' dir='ltr'><strong>quarum</strong></span> <span class='ocrx_word' id='word_1_285' title='bbox 417 2089 610 2132; x_wconf 80' lang='lat' dir='ltr'><strong>accessio</strong></span> <span class='ocrx_word' id='word_1_286' title='bbox 640 2089 731 2129; x_wconf 88' lang='lat' dir='ltr'><strong>vim</strong></span> <span class='ocrx_word' id='word_1_287' title='bbox 759 2091 989 2131; x_wconf 90' lang='lat' dir='ltr'><strong>verborum</strong></span> <span class='ocrx_word' id='word_1_288' title='bbox 1009 2093 1154 2131; x_wconf 89' lang='lat' dir='ltr'><strong>mutat</strong></span> <span class='ocrx_word' id='word_1_289' title='bbox 1187 2094 1232 2132; x_wconf 87' lang='lat' dir='ltr'><strong>et</strong></span> <span class='ocrx_word' id='word_1_290' title='bbox 1254 2089 1574 2131; x_wconf 89' lang='lat' dir='ltr'><strong>indoctioribus</strong></span> <span class='ocrx_word' id='word_1_291' title='bbox 1606 2086 1717 2127; x_wconf 86' lang='lat' dir='ltr'><strong>diffi-</strong></span> 
     </span>
    </p>

    <p class='ocr_par' dir='ltr' id='par_1_8' title="bbox 195 2145 1717 2200">
     <span class='ocr_line' id='line_1_35' title="bbox 195 2145 1717 2200; baseline -0.001 -14"><span class='ocrx_word' id='word_1_292' title='bbox 195 2146 406 2188; x_wconf 89' lang='lat' dir='ltr'><strong>cultatem</strong></span> <span class='ocrx_word' id='word_1_293' title='bbox 442 2146 609 2200; x_wconf 85' lang='lat' dir='ltr'><strong>objicit.</strong></span> <span class='ocrx_word' id='word_1_294' title='bbox 667 2146 783 2187; x_wconf 91' lang='lat' dir='ltr'><strong>Nam</strong></span> <span class='ocrx_word' id='word_1_295' title='bbox 828 2151 873 2188; x_wconf 90' lang='lat' dir='ltr'><strong>et</strong></span> <span class='ocrx_word' id='word_1_296' title='bbox 908 2147 1002 2199; x_wconf 86' lang='lat' dir='ltr'><strong>has,</strong></span> <span class='ocrx_word' id='word_1_297' title='bbox 1032 2152 1083 2188; x_wconf 91' lang='lat' dir='ltr'><strong>ut</strong></span> <span class='ocrx_word' id='word_1_298' title='bbox 1103 2147 1213 2196; x_wconf 87' lang='lat' dir='ltr'><strong>dixi,</strong></span> <span class='ocrx_word' id='word_1_299' title='bbox 1245 2147 1409 2189; x_wconf 88' lang='lat' dir='ltr'><strong>habent</strong></span> <span class='ocrx_word' id='word_1_300' title='bbox 1441 2148 1488 2188; x_wconf 89' lang='lat' dir='ltr'><strong>in</strong></span> <span class='ocrx_word' id='word_1_301' title='bbox 1515 2145 1717 2200; x_wconf 87' lang='lat' dir='ltr'><strong>pleonas-</strong></span> 
     </span>
    </p>

    <p class='ocr_par' dir='ltr' id='par_1_9' title="bbox 199 2200 1718 2274">
     <span class='ocr_line' id='line_1_36' title="bbox 199 2200 1718 2274; baseline -0.001 -30"><span class='ocrx_word' id='word_1_302' title='bbox 199 2215 371 2245; x_wconf 90' lang='lat' dir='ltr'><strong>morum</strong></span> <span class='ocrx_word' id='word_1_303' title='bbox 391 2217 586 2246; x_wconf 88' lang='lat' dir='ltr'><strong>numero.</strong></span> <span class='ocrx_word' id='word_1_304' title='bbox 649 2202 774 2246; x_wconf 84' lang='lat' dir='ltr'><strong>Gaza</strong></span> <span class='ocrx_word' id='word_1_305' title='bbox 795 2205 978 2258; x_wconf 88' lang='lat' dir='ltr'><strong>quidem</strong></span> <span class='ocrx_word' id='word_1_306' title='bbox 995 2205 1041 2246; x_wconf 90' lang='lat' dir='ltr'><strong>in</strong></span> <span class='ocrx_word' id='word_1_307' title='bbox 1065 2204 1105 2246; x_wconf 92' lang='grc' dir='ltr'><strong>Γ</strong></span> <span class='ocrx_word' id='word_1_308' title='bbox 1103 2223 1234 2259; x_wconf 81' lang='grc' dir='ltr'>ραμμ</span> <span class='ocrx_word' id='word_1_309' title='bbox 1257 2206 1453 2260; x_wconf 54' lang='lat' dir='ltr'><strong>dommi&gt;</strong></span> <span class='ocrx_word' id='word_1_310' title='bbox 1468 2217 1532 2274; x_wconf 95' lang='lat' dir='ltr'><strong>p.</strong></span> <span class='ocrx_word' id='word_1_311' title='bbox 1534 2215 1594 2243; x_wconf 88' lang='lat' dir='ltr'><strong>m.</strong></span> <span class='ocrx_word' id='word_1_312' title='bbox 1616 2200 1718 2243; x_wconf 79' lang='grc'><strong>257.</strong></span> 
     </span>
    </p>

    <p class='ocr_par' dir='ltr' id='par_1_10' title="bbox 195 2258 1719 2664">
     <span class='ocr_line' id='line_1_37' title="bbox 201 2258 1717 2317; baseline -0.001 -16"><span class='ocrx_word' id='word_1_313' title='bbox 201 2259 399 2316; x_wconf 62' lang='grc' dir='ltr'><strong>Καθάπερ</strong></span> <span class='ocrx_word' id='word_1_314' title='bbox 420 2266 605 2316; x_wconf 82' lang='grc' dir='ltr'>στοιχεῖον</span> <span class='ocrx_word' id='word_1_315' title='bbox 625 2261 740 2311; x_wconf 72' lang='grc' dir='ltr'>ἐστὶν,</span> <span class='ocrx_word' id='word_1_316' title='bbox 763 2262 805 2304; x_wconf 79' lang='grc' dir='ltr'>οὗ</span> <span class='ocrx_word' id='word_1_317' title='bbox 824 2262 1034 2317; x_wconf 65' lang='grc' dir='ltr'>πλεονάζει,</span> <span class='ocrx_word' id='word_1_318' title='bbox 1066 2266 1108 2303; x_wconf 81' lang='grc' dir='ltr'>οὐ</span> <span class='ocrx_word' id='word_1_319' title='bbox 1134 2280 1179 2303; x_wconf 82' lang='grc' dir='ltr'>το</span> <span class='ocrx_word' id='word_1_320' title='bbox 1198 2262 1311 2311; x_wconf 72' lang='grc' dir='ltr'>αὐτο,</span> <span class='ocrx_word' id='word_1_321' title='bbox 1332 2263 1487 2315; x_wconf 74' lang='grc' dir='ltr'><strong><em>στάχυς</em></strong></span> <span class='ocrx_word' id='word_1_322' title='bbox 1507 2258 1715 2313; x_wconf 77' lang='grc' dir='ltr'><strong><em>ασταχυς·</em></strong></span> <span class='ocrx_word' id='word_1_323' title='bbox 1704 2291 1717 2308; x_wconf 86' lang='grc'><em>,</em></span> 
     </span>
     <span class='ocr_line' id='line_1_38' title="bbox 197 2314 1718 2373; baseline -0.001 -15"><span class='ocrx_word' id='word_1_324' title='bbox 197 2318 298 2361; x_wconf 73' lang='grc' dir='ltr'><strong>τσνοῆ</strong></span> <span class='ocrx_word' id='word_1_325' title='bbox 327 2319 456 2367; x_wconf 65' lang='grc' dir='ltr'>πνοιὴ,</span> <span class='ocrx_word' id='word_1_326' title='bbox 501 2324 631 2362; x_wconf 75' lang='grc' dir='ltr'>τοῦτον</span> <span class='ocrx_word' id='word_1_327' title='bbox 662 2322 823 2362; x_wconf 82' lang='grc' dir='ltr'>τουτονί·</span> <span class='ocrx_word' id='word_1_328' title='bbox 868 2321 965 2361; x_wconf 79' lang='grc' dir='ltr'>οὕτω</span> <span class='ocrx_word' id='word_1_329' title='bbox 1005 2337 1070 2362; x_wconf 86' lang='grc' dir='ltr'><strong>και</strong></span> <span class='ocrx_word' id='word_1_330' title='bbox 1110 2319 1312 2368; x_wconf 68' lang='grc' dir='ltr'><strong>συλλαβὴ,</strong></span> <span class='ocrx_word' id='word_1_331' title='bbox 1354 2318 1475 2360; x_wconf 73' lang='grc' dir='ltr'>λιπὼν</span> <span class='ocrx_word' id='word_1_332' title='bbox 1502 2314 1718 2373; x_wconf 75' lang='grc' dir='ltr'>ωρολιπων,</span> 
     </span>
     <span class='ocr_line' id='line_1_39' title="bbox 198 2375 1719 2433; baseline -0.001 -16.999"><span class='ocrx_word' id='word_1_333' title='bbox 198 2375 339 2424; x_wconf 76' lang='grc' dir='ltr'>’ἔτυμος</span> <span class='ocrx_word' id='word_1_334' title='bbox 360 2377 570 2426; x_wconf 67' lang='grc' dir='ltr'>ἐτήτυμος,</span> <span class='ocrx_word' id='word_1_335' title='bbox 599 2379 693 2431; x_wconf 74' lang='grc' dir='ltr'><strong>έφης</strong></span> <span class='ocrx_word' id='word_1_336' title='bbox 713 2377 879 2432; x_wconf 66' lang='grc' dir='ltr'><strong>ἔφησθα.</strong></span> <span class='ocrx_word' id='word_1_337' title='bbox 939 2377 1026 2420; x_wconf 87' lang='lat' dir='ltr'><strong>Sed</strong></span> <span class='ocrx_word' id='word_1_338' title='bbox 1054 2378 1263 2419; x_wconf 88' lang='lat' dir='ltr'><strong>usitatius</strong></span> <span class='ocrx_word' id='word_1_339' title='bbox 1294 2377 1573 2433; x_wconf 88' lang='lat' dir='ltr'><strong>pleonasmus</strong></span> <span class='ocrx_word' id='word_1_340' title='bbox 1591 2375 1719 2430; x_wconf 89' lang='lat' dir='ltr'><strong>poni-</strong></span> 
     </span>
     <span class='ocr_line' id='line_1_40' title="bbox 196 2433 1717 2490; baseline 0 -16"><span class='ocrx_word' id='word_1_341' title='bbox 196 2437 271 2476; x_wconf 89' lang='lat' dir='ltr'><strong>tur</strong></span> <span class='ocrx_word' id='word_1_342' title='bbox 292 2435 337 2475; x_wconf 91' lang='lat' dir='ltr'><strong>in</strong></span> <span class='ocrx_word' id='word_1_343' title='bbox 357 2434 503 2476; x_wconf 90' lang='lat' dir='ltr'><strong>verbis</strong></span> <span class='ocrx_word' id='word_1_344' title='bbox 530 2436 727 2489; x_wconf 87' lang='lat' dir='ltr'><strong>integris,</strong></span> <span class='ocrx_word' id='word_1_345' title='bbox 757 2449 846 2478; x_wconf 91' lang='lat' dir='ltr'><strong>non</strong></span> <span class='ocrx_word' id='word_1_346' title='bbox 866 2437 1095 2478; x_wconf 90' lang='lat' dir='ltr'><strong>verborum</strong></span> <span class='ocrx_word' id='word_1_347' title='bbox 1114 2436 1343 2490; x_wconf 89' lang='lat' dir='ltr'><strong>partibus:</strong></span> <span class='ocrx_word' id='word_1_348' title='bbox 1375 2438 1422 2476; x_wconf 89' lang='lat' dir='ltr'><strong>et</strong></span> <span class='ocrx_word' id='word_1_349' title='bbox 1436 2433 1717 2488; x_wconf 85' lang='lat' dir='ltr'><strong>gravioribus</strong></span> 
     </span>
     <span class='ocr_line' id='line_1_41' title="bbox 195 2491 1714 2545; baseline 0 -13"><span class='ocrx_word' id='word_1_350' title='bbox 195 2491 333 2533; x_wconf 79' lang='lat' dir='ltr'><strong>etiam</strong></span> <span class='ocrx_word' id='word_1_351' title='bbox 371 2492 428 2533; x_wconf 87' lang='lat' dir='ltr'><strong>de</strong></span> <span class='ocrx_word' id='word_1_352' title='bbox 452 2494 598 2534; x_wconf 91' lang='lat' dir='ltr'><strong>causis</strong></span> <span class='ocrx_word' id='word_1_353' title='bbox 619 2494 684 2534; x_wconf 89' lang='lat' dir='ltr'><strong>ita</strong></span> <span class='ocrx_word' id='word_1_354' title='bbox 716 2494 1014 2536; x_wconf 88' lang='lat' dir='ltr'><strong>definitionem</strong></span> <span class='ocrx_word' id='word_1_355' title='bbox 1044 2493 1337 2545; x_wconf 89' lang='lat' dir='ltr'><strong>instituimus,</strong></span> <span class='ocrx_word' id='word_1_356' title='bbox 1361 2496 1413 2535; x_wconf 92' lang='lat' dir='ltr'><strong>ut</strong></span> <span class='ocrx_word' id='word_1_357' title='bbox 1435 2493 1481 2534; x_wconf 91' lang='lat' dir='ltr'><strong>in</strong></span> <span class='ocrx_word' id='word_1_358' title='bbox 1514 2492 1714 2534; x_wconf 82' lang='lat' dir='ltr'><strong>latiorem</strong></span> 
     </span>
     <span class='ocr_line' id='line_1_42' title="bbox 197 2549 1717 2607; baseline 0 -18"><span class='ocrx_word' id='word_1_359' title='bbox 197 2549 320 2591; x_wconf 91' lang='lat' dir='ltr'><strong>illum</strong></span> <span class='ocrx_word' id='word_1_360' title='bbox 339 2562 542 2605; x_wconf 87' lang='lat' dir='ltr'><strong>campum</strong></span> <span class='ocrx_word' id='word_1_361' title='bbox 573 2550 702 2592; x_wconf 89' lang='lat' dir='ltr'><strong>nobis</strong></span> <span class='ocrx_word' id='word_1_362' title='bbox 738 2565 824 2593; x_wconf 92' lang='lat' dir='ltr'><strong>non</strong></span> <span class='ocrx_word' id='word_1_363' title='bbox 845 2556 960 2594; x_wconf 90' lang='lat' dir='ltr'><strong>esset</strong></span> <span class='ocrx_word' id='word_1_364' title='bbox 990 2551 1344 2607; x_wconf 81' lang='lat' dir='ltr'><strong>exspatiandum.</strong></span> <span class='ocrx_word' id='word_1_365' title='bbox 1404 2549 1631 2592; x_wconf 87' lang='lat' dir='ltr'><strong>Notabilis</strong></span> <span class='ocrx_word' id='word_1_366' title='bbox 1651 2551 1717 2591; x_wconf 84' lang='lat' dir='ltr'><strong>est</strong></span> 
     </span>
     <span class='ocr_line' id='line_1_43' title="bbox 196 2605 1714 2664; baseline -0.001 -17"><span class='ocrx_word' id='word_1_367' title='bbox 196 2605 422 2662; x_wconf 88' lang='lat' dir='ltr'><strong>duplicata</strong></span> <span class='ocrx_word' id='word_1_368' title='bbox 443 2609 694 2663; x_wconf 81' lang='lat' dir='ltr'><strong>praepositio</strong></span> <span class='ocrx_word' id='word_1_369' title='bbox 724 2625 759 2649; x_wconf 74' lang='lat' dir='ltr'><strong><em>w</em></strong></span> <span class='ocrx_word' id='word_1_370' title='bbox 759 2628 816 2664; x_wconf 87' lang='grc' dir='ltr'><strong>ρο,</strong></span> <span class='ocrx_word' id='word_1_371' title='bbox 848 2611 903 2651; x_wconf 91' lang='lat' dir='ltr'><strong>de</strong></span> <span class='ocrx_word' id='word_1_372' title='bbox 936 2623 1026 2664; x_wconf 87' lang='lat' dir='ltr'><strong>qua</strong></span> <span class='ocrx_word' id='word_1_373' title='bbox 1047 2610 1198 2652; x_wconf 89' lang='lat' dir='ltr'><strong>multis</strong></span> <span class='ocrx_word' id='word_1_374' title='bbox 1218 2610 1308 2663; x_wconf 87' lang='lat' dir='ltr'><strong>egit</strong></span> <span class='ocrx_word' id='word_1_375' title='bbox 1326 2607 1507 2652; x_wconf 89' lang='lat' dir='ltr'><strong>Fischer</strong></span> <span class='ocrx_word' id='word_1_376' title='bbox 1539 2608 1587 2650; x_wconf 89' lang='lat' dir='ltr'><strong>in</strong></span> <span class='ocrx_word' id='word_1_377' title='bbox 1606 2605 1714 2648; x_wconf 91' lang='lat' dir='ltr'><strong>Ani-</strong></span> 
     </span>
    </p>

    <p class='ocr_par' dir='ltr' id='par_1_11' title="bbox 193 2664 1714 3014">
     <span class='ocr_line' id='line_1_44' title="bbox 196 2664 1714 2721; baseline 0 -16"><span class='ocrx_word' id='word_1_378' title='bbox 196 2665 341 2707; x_wconf 86' lang='lat' dir='ltr'><strong>madv.</strong></span> <span class='ocrx_word' id='word_1_379' title='bbox 376 2666 432 2707; x_wconf 89' lang='lat' dir='ltr'><strong>ad</strong></span> <span class='ocrx_word' id='word_1_380' title='bbox 462 2664 591 2707; x_wconf 90' lang='lat' dir='ltr'><strong>Well.</strong></span> <span class='ocrx_word' id='word_1_381' title='bbox 630 2665 710 2707; x_wconf 87' lang='lat' dir='ltr'><strong>Gr.</strong></span> <span class='ocrx_word' id='word_1_382' title='bbox 746 2667 814 2708; x_wconf 91' lang='lat' dir='ltr'><strong>iii.</strong></span> <span class='ocrx_word' id='word_1_383' title='bbox 836 2667 875 2709; x_wconf 94' lang='lat' dir='ltr'><strong>b.</strong></span> <span class='ocrx_word' id='word_1_384' title='bbox 904 2680 950 2721; x_wconf 89' lang='lat' dir='ltr'><strong>p.</strong></span> <span class='ocrx_word' id='word_1_385' title='bbox 979 2665 1069 2711; x_wconf 89' lang='lat'><strong>134.</strong></span> <span class='ocrx_word' id='word_1_386' title='bbox 1101 2680 1373 2721; x_wconf 86' lang='lat' dir='ltr'><strong>quamquam</strong></span> <span class='ocrx_word' id='word_1_387' title='bbox 1390 2667 1479 2710; x_wconf 83' lang='lat' dir='ltr'><strong>vim</strong></span> <span class='ocrx_word' id='word_1_388' title='bbox 1509 2665 1605 2720; x_wconf 87' lang='lat' dir='ltr'><strong>ejus</strong></span> <span class='ocrx_word' id='word_1_389' title='bbox 1625 2675 1714 2706; x_wconf 90' lang='lat' dir='ltr'><strong>non</strong></span> 
     </span>
     <span class='ocr_line' id='line_1_45' title="bbox 195 2722 1713 2778; baseline 0 -15"><span class='ocrx_word' id='word_1_390' title='bbox 195 2723 313 2764; x_wconf 88' lang='lat' dir='ltr'><strong>clare</strong></span> <span class='ocrx_word' id='word_1_391' title='bbox 334 2724 564 2778; x_wconf 85' lang='lat' dir='ltr'><strong>expressit.</strong></span> <span class='ocrx_word' id='word_1_392' title='bbox 624 2722 735 2765; x_wconf 92' lang='lat' dir='ltr'><strong>Eam</strong></span> <span class='ocrx_word' id='word_1_393' title='bbox 754 2726 866 2777; x_wconf 90' lang='lat' dir='ltr'><strong>quis,</strong></span> <span class='ocrx_word' id='word_1_394' title='bbox 898 2726 1013 2767; x_wconf 89' lang='lat' dir='ltr'><strong>sicut</strong></span> <span class='ocrx_word' id='word_1_395' title='bbox 1035 2726 1203 2768; x_wconf 89' lang='lat' dir='ltr'><strong>similes</strong></span> <span class='ocrx_word' id='word_1_396' title='bbox 1231 2726 1407 2768; x_wconf 88' lang='lat' dir='ltr'><strong>voculas</strong></span> <span class='ocrx_word' id='word_1_397' title='bbox 1427 2722 1713 2766; x_wconf 85' lang='lat' dir='ltr'><strong>verborumve</strong></span> 
     </span>
     <span class='ocr_line' id='line_1_46' title="bbox 198 2780 1711 2839; baseline 0 -18"><span class='ocrx_word' id='word_1_398' title='bbox 198 2780 483 2834; x_wconf 85' lang='lat' dir='ltr'><strong>incrementa,</strong></span> <span class='ocrx_word' id='word_1_399' title='bbox 513 2782 595 2822; x_wconf 91' lang='lat' dir='ltr'><strong>sub</strong></span> <span class='ocrx_word' id='word_1_400' title='bbox 615 2783 880 2836; x_wconf 89' lang='lat' dir='ltr'><strong>pleonasmis</strong></span> <span class='ocrx_word' id='word_1_401' title='bbox 912 2784 1144 2839; x_wconf 89' lang='lat' dir='ltr'><strong>complecti</strong></span> <span class='ocrx_word' id='word_1_402' title='bbox 1164 2785 1323 2839; x_wconf 90' lang='lat' dir='ltr'><strong>possit,</strong></span> <span class='ocrx_word' id='word_1_403' title='bbox 1352 2782 1410 2824; x_wconf 87' lang='lat' dir='ltr'><strong>ad</strong></span> <span class='ocrx_word' id='word_1_404' title='bbox 1439 2780 1711 2836; x_wconf 89' lang='lat' dir='ltr'><strong>amplifican-</strong></span> 
     </span>
     <span class='ocr_line' id='line_1_47' title="bbox 194 2838 1711 2906; baseline 0 -27"><span class='ocrx_word' id='word_1_405' title='bbox 194 2838 298 2879; x_wconf 91' lang='lat' dir='ltr'><strong>dum</strong></span> <span class='ocrx_word' id='word_1_406' title='bbox 329 2839 494 2881; x_wconf 89' lang='lat' dir='ltr'><strong>scilicet</strong></span> <span class='ocrx_word' id='word_1_407' title='bbox 530 2840 612 2881; x_wconf 89' lang='lat' dir='ltr'><strong>hoc</strong></span> <span class='ocrx_word' id='word_1_408' title='bbox 641 2843 964 2894; x_wconf 85' lang='lat' dir='ltr'><strong>argumentum.</strong></span> <span class='ocrx_word' id='word_1_409' title='bbox 1043 2840 1138 2883; x_wconf 90' lang='lat' dir='ltr'><strong>Nec</strong></span> <span class='ocrx_word' id='word_1_410' title='bbox 1167 2854 1271 2883; x_wconf 89' lang='lat' dir='ltr'><strong>vero</strong></span> <span class='ocrx_word' id='word_1_411' title='bbox 1301 2852 1390 2882; x_wconf 88' lang='lat' dir='ltr'><strong>non</strong></span> <span class='ocrx_word' id='word_1_412' title='bbox 1419 2843 1537 2882; x_wconf 85' lang='lat' dir='ltr'><strong>esset</strong></span> <span class='ocrx_word' id='word_1_413' title='bbox 1567 2850 1711 2906; x_wconf 83' lang='lat' dir='ltr'><strong>operae</strong></span> 
     </span>
     <span class='ocr_line' id='line_1_48' title="bbox 193 2896 1713 2954; baseline 0 -17"><span class='ocrx_word' id='word_1_414' title='bbox 193 2898 401 2954; x_wconf 88' lang='lat' dir='ltr'><strong>pretium,</strong></span> <span class='ocrx_word' id='word_1_415' title='bbox 432 2897 487 2939; x_wconf 90' lang='lat' dir='ltr'><strong>de</strong></span> <span class='ocrx_word' id='word_1_416' title='bbox 523 2898 687 2940; x_wconf 91' lang='lat' dir='ltr'><strong>talibus</strong></span> <span class='ocrx_word' id='word_1_417' title='bbox 720 2911 927 2952; x_wconf 87' lang='lat' dir='ltr'><strong>quaererc.</strong></span> <span class='ocrx_word' id='word_1_418' title='bbox 1006 2896 1202 2941; x_wconf 90' lang='lat' dir='ltr'><strong>Fuerunt</strong></span> <span class='ocrx_word' id='word_1_419' title='bbox 1229 2902 1347 2942; x_wconf 89' lang='lat' dir='ltr'><strong>certe</strong></span> <span class='ocrx_word' id='word_1_420' title='bbox 1376 2896 1484 2940; x_wconf 87' lang='lat' dir='ltr'><strong>olim</strong></span> <span class='ocrx_word' id='word_1_421' title='bbox 1514 2897 1713 2940; x_wconf 88' lang='lat' dir='ltr'><strong>homines</strong></span> 
     </span>
     <span class='ocr_line' id='line_1_49' title="bbox 196 2950 1712 3020; baseline 0.002 -24"><span class='ocrx_word' id='word_1_422' title='bbox 196 2952 348 2998; x_wconf 87' lang='lat' dir='ltr'><strong>Graece</strong></span> <span class='ocrx_word' id='word_1_423' title='bbox 385 2955 585 3012; x_wconf 88' lang='lat' dir='ltr'><strong>apprime</strong></span> <span class='ocrx_word' id='word_1_424' title='bbox 618 2957 751 3009; x_wconf 85' lang='lat' dir='ltr'><strong>docti,</strong></span> <span class='ocrx_word' id='word_1_425' title='bbox 778 2959 856 3012; x_wconf 92' lang='lat' dir='ltr'><strong>qui</strong></span> <span class='ocrx_word' id='word_1_426' title='bbox 894 2956 985 3002; x_wconf 88' lang='lat' dir='ltr'><strong>vim</strong></span> <span class='ocrx_word' id='word_1_427' title='bbox 1023 2957 1222 3020; x_wconf 61' lang='lat' dir='ltr'><strong>alituram</strong></span> <span class='ocrx_word' id='word_1_428' title='bbox 1260 2956 1452 3014; x_wconf 82' lang='lat' dir='ltr'><strong>singulis</strong></span> <span class='ocrx_word' id='word_1_429' title='bbox 1491 2956 1540 3001; x_wconf 88' lang='lat' dir='ltr'><strong>in</strong></span> <span class='ocrx_word' id='word_1_430' title='bbox 1576 2950 1712 3000; x_wconf 69' lang='lat' dir='ltr'><strong>verbo</strong></span> 
     </span>
    </p>
   </div>
  </div>
 </body>
</html>
