1838 3164
225 116 282 161 80
467 88 469 90 ¹
658 117 976 160 PLEONAsm
1001 117 1324 161 VERBORUM.

235 231 349 275 illud
376 231 516 276 adhuc
544 230 780 275 desiderari
805 232 852 275 in
878 232 1057 287 legibus,
1090 233 1293 289 quomodo
1327 239 1514 289 oporteat
1541 239 1624 279 etc.
1681 235 1738 279 Et

235 291 292 340 is,
322 292 399 344 qui
419 290 555 334 Mem.
578 288 780 345 Xenoph.
804 291 869 332 iii.
902 291 939 337 l,
968 289 1010 331 4.
1042 290 1144 330 δοκεῖ
1171 293 1419 346 *γεραρώτερος
1450 293 1662 345 φαίνεσθαι,
1697 309 1739 337 se

235 347 368 391 ocutis
396 348 578 391 aliorum
601 347 756 405 praebet
785 353 824 389 et
850 346 1017 389 eoelzibet
1040 347 1178 403 magis
1208 348 1504 398 venerandum,
1535 352 1630 393 sive
1645 363 1739 394 vere

233 404 442 462 reperitur
471 405 612 462 magis
641 403 917 446 venerandus.
977 403 1171 446 Similem
1199 407 1343 447 locum
1372 407 1459 448 vid.
1494 408 1574 449 sub
1610 407 1737 450 δοκεῖν.

234 461 399 504 Eodem
419 464 547 504 modo
567 464 619 504 de
640 463 741 504 aliis
761 462 866 503 locis
887 462 1167 503 statuendum
1187 466 1269 510 est,
1286 464 1360 504 ubi
1383 464 1579 516 φαίνεσθαι
1599 466 1738 509 solum

234 521 413 575 ponitur
431 535 528 562 cum
549 520 782 575 participio
801 519 965 570 aliquo,
999 522 1048 560 ut
1072 517 1262 561 AEsehin.
1297 519 1416 563 Socr.
1438 522 1484 562 ii.
1518 521 1588 563 23.
1621 521 1738 565 Nam

235 576 432 631 φαίνεσθαι
465 579 592 626 ’ἔμοιγε
629 577 764 618 Bauer&
786 573 950 630 Κριτίας
978 577 1098 623 λέγων
1129 593 1165 616 τι
1194 577 1429 630 significat,
1458 579 1739 634 manifestum

234 647 348 681 esse,
380 636 630 689 neminique
663 634 845 675 dubium
877 645 972 673 esse
1004 633 1178 681 debere,
1210 635 1319 687 quin
1339 635 1400 684 id,
1435 637 1552 688 quod
1579 636 1740 679 dixerit

236 689 419 741 Critias,
450 693 636 746 alicujus
656 692 714 734 sit
735 691 962 732 momenti.

887 788 1080 831 ΦΑΝΑΙ
1090 821 1101 833 .

292 866 390 909 Hoc
409 867 591 909 verbum
612 867 776 921 duplici
797 864 925 906 modo
944 864 1144 918 πλεονάζει
1163 879 1174 913 ;
1206 867 1350 919 primo
1370 868 1524 909 mediis
1544 869 1738 917 alterius,

231 938 330 979 quae
349 925 614 972 referuntur,
636 924 799 971 verbis,
825 923 1134 976 interpositum
1154 937 1165 971 ;
1196 924 1351 965 deinde
1369 926 1559 978 positum
1577 927 1622 968 in
1641 940 1741 981 par·

230 983 386 1036 ticipio
405 985 450 1023 et
468 982 748 1034 conjunctum
767 993 865 1021 cum
884 977 982 1028 εἶπε,
1011 978 1133 1029 ἔλεξε,
1165 981 1352 1022 similive
1379 987 1575 1037 tempore
1594 984 1739 1031 finito,

231 1039 286 1080 de
306 1051 392 1092 quo
407 1041 501 1092 Jam
521 1040 604 1080 sub
623 1053 664 1081 v.
697 1040 818 1086 λέγειν
846 1038 1012 1078 monui.
1074 1036 1239 1079 Prioris
1273 1051 1378 1079 usus
1408 1041 1610 1094 exempla
1639 1044 1740 1082 sunt

229 1096 601 1149 frequentissima.
660 1093 863 1148 Xenoph.
888 1093 965 1137 Hi.
989 1097 1020 1136 i.
1043 1093 1084 1135 7.
1117 1093 1223 1150 Πρὸς
1243 1100 1370 1137 ταῦτα
1391 1095 1438 1140 δὴ
1460 1096 1624 1153 ὅἻέρων
1645 1101 1739 1140 otm-

230 1155 398 1208 κρίνατο,
430 1154 504 1202 ἐγὼ
525 1155 594 1202 μὲν
615 1154 749 1200 τοίνυν,
779 1153 870 1205 ἐ’φη,
903 1151 931 1192 ὦ
951 1151 1159 1200 Σιμωνίδη,
1190 1150 1261 1201 ’ἔξω
1293 1170 1329 1193 τ.
1361 1158 1445 1195 etc.
1477 1152 1579 1209 Cyri
1613 1153 1737 1197 Disc-

230 1210 263 1250 i.
281 1211 326 1259 4,
352 1210 419 1252 19.
445 1209 506 1252 ‘O
527 1211 564 1251 δὲ
587 1209 714 1265 Κῦρος
737 1241 746 1251 .
773 1241 782 1251 .
807 1240 818 1250 .
841 1208 967 1264 Ιἤρετο,
988 1207 1053 1249 'H
1074 1209 1189 1258 οὗτοι,
1220 1211 1306 1263 ἔφη,
1326 1209 1355 1252 ὦ
1374 1212 1532 1261 πάππε,
1561 1214 1744 1262 πολέμιοί

231 1269 315 1310 εἰσιν
334 1272 417 1311 etc.
478 1267 546 1310 De
565 1269 727 1310 talibus
749 1266 837 1310 vid.
861 1265 975 1320 Isag.
999 1267 1032 1323 ξ.
1061 1266 1126 1308 16.
1148 1271 1257 1310 extr.

868 1363 1107 1407 ΦΕΡΕΙΝ.

288 1438 512 1482 Mirabilis
533 1442 600 1482 est
633 1440 912 1494 pleonasmus
940 1440 1164 1493 participii
1195 1441 1310 1495 φέρων
1345 1441 1547 1483 absolute
1575 1443 1737 1496 positi;

231 1497 358 1549 eujus
388 1492 589 1552 exempla
615 1497 706 1539 haec
739 1501 883 1538 sunto.
945 1495 1072 1537 Diod.
1105 1495 1193 1537 Sic.
1218 1497 1264 1537 in
1298 1503 1505 1553 exeerptt.
1549 1502 1658 1540 tom.
1688 1501 1736 1541 ii.

231 1551 491 1608 wesseling.
514 1569 557 1610 p.
578 1553 678 1595 586.
713 1585 723 1595 .
750 1586 759 1595 .
784 1585 793 1595 .
824 1570 1060 1596 κατασκευην
1079 1557 1238 1595 πολλῶν
1258 1552 1366 1597 οὖσαν
1397 1557 1596 1597 ταλάντων
1624 1559 1740 1612 φέρων

231 1609 443 1666 ἐδωρήσατο
464 1617 516 1667 τῇ
545 1613 680 1666 μητρί.
742 1610 928 1660 Longin.
950 1612 1095 1651 xxxvi.
1119 1610 1162 1651 2.
1197 1612 1214 1649 ὃ
1247 1613 1330 1651 πᾶς
1359 1615 1486 1652 αὐτοῖς
1515 1612 1738 1666 (Homero,

229 1665 521 1717 Demostheni,
567 1666 745 1711 Platoni
774 1668 873 1722 etc.)
917 1667 1006 1708 αἰὼν
1041 1667 1103 1707 καὶ
1136 1668 1234 1715 βίος,
1269 1670 1310 1708 οὐ
1341 1668 1539 1717 δυνάμενος
1564 1670 1640 1711 ὑπὸ
1674 1675 1741 1712 τοῦ

230 1722 368 1776 φθόνου
386 1727 595 1782 παρανοίας
614 1727 770 1771 ἁλῶναι,
805 1727 920 1779 φέρων
954 1724 1122 1765 ἀπέδωκε
1155 1724 1207 1765 τοὶ
1235 1726 1443 1780 νικητήρια.
1503 1725 1665 1769 AElian.
1685 1726 1739 1769 V.
1791 1771 1794 1774 ,

231 1779 293 1822 Η.
315 1784 372 1823 vi.
399 1782 434 1824 l.
467 1782 524 1824 Oi
557 1782 595 1823 δὲ
621 1781 816 1824 ’Έλληνες
849 1782 969 1822 δεινῶς
1003 1782 1116 1822 αὐτὸν
1149 1780 1446 1839 (Philippum)
1477 1784 1739 1834 κατέπτηξαν,

230 1838 295 1878 καῖ
326 1839 481 1881 ἑαυτοὺς
509 1840 615 1881 κατὰ
656 1840 789 1880 πόλεις
826 1839 1061 1894 ἐνεχείρησαν
1106 1842 1211 1894 αὐτῷ
1249 1841 1430 1894 φέροντες.
1491 1839 1611 1882 Idem
1641 1843 1735 1883 viii.

236 1894 299 1937 14.
332 1896 519 1945 Διογένης
539 1899 556 1937 ὅ
576 1895 765 1938 Σινιοπεὺς
779 1896 841 1936 ὅτε
861 1896 988 1937 λοιπὸν
1019 1897 1127 1936 ἐνόσει
1159 1895 1220 1937 ἐπὶ
1253 1895 1424 1954 θανάτῳ,
1459 1898 1589 1939 ἑαυτὸν
1621 1901 1736 1954 φέρων

230 1954 339 1999 μόνον
372 1954 501 2009 ἕῤῥιψε
521 1955 625 1995 κατα
646 1970 740 1995 τινος
758 1955 932 2009 Ὗεφυρίου
951 1952 1047 2008 πρὸς
1077 1954 1273 2008 1’γυμνασιέρ
1292 1952 1409 2003 ὄντος,
1441 1954 1505 1996 καὶ
1523 1954 1735 2010 προσέταξε

229 2015 285 2066 τῷ
311 2014 688 2067 παλαιστροφύλακι,
724 2010 870 2051 ἐπειδᾶν
899 2009 1083 2052 αἴσθηται
1115 2012 1427 2052 οἷποπεπνευκότα
1461 2011 1588 2064 αὐτὸν,
1621 2013 1735 2067 ῥίψαι

236 2068 289 2107 εἰς
306 2067 368 2108 τὸν
387 2066 564 2109 Ἰλισσόν.
598 2068 642 2109 h.
665 2081 704 2109 e.
737 2066 795 2108 D.
817 2066 862 2108 S:
886 2080 979 2108 cam
1008 2067 1065 2108 ad
1091 2073 1318 2108 eoetremum
1347 2074 1565 2124 aegrotaret
1589 2068 1739 2112 lethali

229 2124 385 2175 morbo,
427 2124 619 2166 omnibus
636 2123 798 2165 viribus
833 2123 1096 2171 contendens,
1125 2137 1224 2175 sese,
1253 2123 1373 2166 nullo
1402 2126 1634 2182 adjuvante
1663 2126 1735 2169 Ιιο-

230 2180 362 2231 mine,
394 2181 453 2223 ad
474 2181 744 2238 ponticulum
778 2180 945 2237 abjecit,
981 2186 1061 2222 ete.
1093 2180 1356 2236 Porphyrius
1387 2196 1456 2237 ap.
1495 2182 1733 2225 Eusebium

231 2236 292 2279 H.
317 2238 366 2280 E.
388 2241 447 2280 vi.
485 2240 549 2282 19.
582 2241 636 2280 de
656 2238 872 2291 Origene:
904 2237 1000 2292 πρὸς
1030 2238 1073 2278 τὸ
1100 2240 1291 2293 βάρβαρον
1325 2238 1494 2289 ἐξώκειλε
1524 2241 1732 2289 τόλμημα,

232 2294 261 2351 ᾧ
281 2295 327 2338 δὴ
349 2298 463 2351 φέρων
483 2298 596 2338 αὐτόν
616 2314 658 2336 τε
679 2296 742 2337 καὶ
763 2296 833 2338 την
854 2298 887 2337 ἐν
909 2298 986 2335 τοῖς
1009 2296 1134 2344 λόγοις
1155 2294 1225 2344 ε’ξιν
1247 2297 1481 2339 ἐκαπήλευσε
1499 2310 1509 2336 2
1544 2298 1587 2338 h.
1609 2312 1647 2339 e.
1670 2299 1735 2339 in—

230 2355 424 2406 terprete
458 2352 710 2395 Hemsterh.
744 2353 799 2394 ad
833 2353 1013 2394 Lucian.
1049 2353 1134 2392 vol.
1170 2353 1218 2393 ii.
1272 2351 1448 2407 Bipont.
1480 2367 1522 2407 p.
1550 2354 1650 2396 425.
1680 2355 1738 2397 ad

231 2407 453 2451 barbaram
472 2409 803 2453 Christianorum
831 2415 872 2451 et
903 2409 1104 2451 audacem
1139 2407 1409 2465 disciplinam
1439 2410 1553 2452 velut
1577 2411 1625 2453 in
1649 2425 1737 2454 soo-

226 2465 379 2522 pulam
399 2466 608 2524 impactus
625 2466 816 2515 adlzoesit,
849 2465 921 2508 cai
955 2465 1253 2522 agglutinatus
1279 2479 1404 2523 seque
1433 2466 1613 2524 tamniter
1641 2482 1738 2511 ven-

234 2521 366 2572 didit,
396 2538 594 2582 suamque
620 2524 668 2567 in
696 2523 971 2581 philosophice
998 2522 1111 2565 culta
1140 2522 1381 2566 sollertiam.
1444 2524 1656 2568 Chariton
1675 2527 1735 2568 vi.

233 2578 277 2622 2.
310 2584 424 2636 φέρων
456 2581 493 2623 δὲ
527 2582 680 2624 σεαυτὸν
715 2585 766 2623 εἷς
794 2584 931 2629 μέσους
962 2581 1120 2636 ’έῤῥιψας
1147 2579 1234 2622 τοὺς
1263 2583 1474 2630 πολεμίους
1496 2584 1581 2624 vii.
1599 2583 1641 2625 2.
1673 2585 1739 2636 φέ-

235 2654 356 2692 ροντες
375 2636 433 2680 οὖν
454 2638 608 2680 ἑαυτοὺς
638 2639 782 2687 δίδομέν
810 2656 861 2679 σοι
896 2640 1030 2692 φίλους
1062 2641 1235 2679 πιστούς.
1293 2638 1513 2682 Lucianus
1534 2640 1586 2682 de
1603 2645 1736 2682 morte

234 2692 409 2749 Peregr.
429 2695 496 2736 25.
529 2698 624 2737 τίνος
643 2698 769 2737 αἰτίας
791 2695 904 2737 ἕνεκεν
937 2696 1126 2742 ἐμβάλλει
1157 2697 1271 2750 φέρων
1307 2696 1438 2737 ἑαυτὸν
1468 2699 1518 2737 εἰς
1548 2697 1592 2738 τὸ
1624 2702 1699 2752 πῦρ
1716 2696 1754 2738 Τ

234 2749 305 2792 Cf.
338 2757 399 2800 et,
429 2754 464 2793 si
496 2755 681 2801 videtur,
715 2751 896 2794 Homeri
927 2754 1037 2801 loca,
1069 2751 1221 2806 Odyss.
1257 2752 1310 2793 A.
1350 2753 1440 2795 127.
1476 2758 1520 2794 et
1555 2752 1650 2795 136.
1681 2752 1730 2795 Ρ.

232 2807 333 2850 345.
365 2814 408 2850 et
446 2823 541 2863 quae
577 2808 839 2863 Hoogeveen
873 2810 927 2850 ad
949 2808 1046 2863 Vig.
1080 2810 1214 2851 dedit.
1274 2809 1447 2852 Jamut
1467 2810 1520 2851 de
1540 2812 1582 2852 vi
1605 2811 1733 2867 hujus

232 2867 456 2921 participii
487 2867 723 2914 videamus,
757 2867 941 2908 Budaeus
975 2868 1020 2908 in
1053 2865 1318 2908 Commentt.
1353 2865 1430 2908 Gr.
1467 2865 1595 2922 L..p.
1630 2867 1737 2910 543.—

232 2923 354 2974 dicit,
393 2931 421 2950 ‘⁶
443 2929 621 2967 ornatus
658 2926 800 2979 magis
834 2937 981 2978 causa,
1015 2937 1145 2979 quam
1187 2925 1565 2978 significationis‚’'
1595 2927 1731 2982 poni;
