1838 3164
635 130 699 173 IN
728 129 934 173 GaAEcA
958 126 1183 173 LINGUA.
1280 144 1285 147 ··
1575 128 1657 173 201

163 240 616 300 Ajaoeinterroganti
645 240 687 288 v}
725 244 798 287 94.
843 244 1067 294 Minervae,
1107 246 1229 288 Ἀλλ’
1264 245 1376 288 ἐκεῖνό
1410 259 1475 296 μοι
1508 246 1663 302 φράσον,

174 299 354 352 Εβαψας
369 303 500 357 ’ἔγχος
533 301 573 355 εὖ
600 303 703 359 πρὸς
716 301 901 358 Ἀργείων
930 309 1108 360 στρατῷ;
1139 306 1204 346 ita
1240 305 1478 359 respondet
1514 305 1630 359 Ajax
1646 318 1660 344 t

164 356 333 408 Κόρακος
360 361 537 415 ωιῖρεστι,
572 366 663 402 κούκ
694 363 931 416 ἀπαρνοῦμαι
958 361 1095 409 τομαὶ.
1154 361 1204 403 In
1225 362 1447 416 Antigona
1480 375 1522 403 v.
1558 362 1660 404 443.

160 416 224 457 Sic
240 420 338 458 est:
372 415 457 457 Kal
491 418 592 470 φημὶ
623 417 768 473 δρᾶσαι,
798 421 892 459 κούκ
925 421 1160 474 ἀπαρνοῦμαι
1192 419 1237 459 τὸ
1264 420 1342 468 μκή.
1401 418 1510 472 Quae
1528 421 1566 461 si
1587 433 1662 474 ge·

159 473 298 516 imina
329 474 461 516 lectio
493 479 621 523 esset,
651 476 786 517 verba
818 476 905 517 sibi
939 481 1258 531 repugnarent:
1291 478 1372 519 hoc
1399 478 1518 519 enim
1546 478 1662 519 dioe-

157 534 305 573 retur:
337 538 381 574 et
396 530 470 574 aio
487 546 553 574 me
568 531 746 589 fecisse,
767 546 843 575 nec
862 547 971 590 nego
988 546 1073 575 non
1111 533 1248 576 wisse.
1308 533 1456 582 Quare
1473 539 1662 590 utroque

157 587 545 631 locoscribendum
565 594 631 631 est
648 591 707 639 μὴ
727 591 778 632 οὔ.
839 589 967 638 Quod
994 593 1040 632 in
1103 592 1215 644 jacis
1245 605 1371 634 versu
1406 594 1541 634 etiam
1561 591 1757 636 Sui-222

154 645 257 687 dam
277 647 323 688 in
342 661 381 689 v.
403 646 464 694 μὴ
485 647 593 700 οὐχὶ,
626 653 677 690 ut
698 653 931 702 utrumque
953 647 1246 697 Scholiasten‚
1275 661 1355 691 nec
1384 663 1472 692 non
1503 649 1661 693 Tricli-

156 703 280 745 nium
318 704 541 752 habuisse,
573 707 823 754 ostendunt,
851 720 946 760 quae
981 707 1046 748 illi
1085 707 1141 747 ad
1180 720 1280 748 eum
1300 708 1441 748 locum
1480 708 1663 750 adnota-

154 765 272 802 runt.
342 760 461 803 Idem
495 776 614 804 error
650 767 906 806 commissus
938 765 982 804 in
1015 762 1221 818 AEschyli·
1241 764 1397 817 Agam.
1434 765 1552 806 1178.
1582 767 1662 808 ubi

151 818 451 860 scribendum:
474 818 601 861 ''Axos'
619 820 658 860 δ’
673 821 774 863 οὐδὲν
793 823 1017 877 ἐπήρκεσαν,
1032 819 1091 862 Τὸ
1108 822 1169 870 w),
1188 824 1232 863 οὔ
1250 824 1358 863 πόλιν
1376 823 1447 871 μὲν
1465 823 1588 876 ὥσπερ
1601 822 1662 864 οὖν

151 875 237 931 ἔχει
254 874 424 925 suffitu
456 890 556 919 cum
587 891 673 931 quo
706 880 801 921 loco
830 880 1149 934 comparandus
1175 877 1379 934 Sophocl.
1411 879 1535 932 AJac.
1558 879 1659 921 729.
1777 909 1782 920 ,

149 930 274 974 Adde
308 933 376 975 οὒκ
405 935 541 976 etiam
572 937 689 990 apud
712 935 938 979 Platonem
971 938 1018 978 in
1053 936 1262 991 Sophista
1291 950 1336 990 p.
1358 936 1459 978 235.
1477 935 1528 978 Β.
1561 937 1660 978 ὥστε
1721 984 1724 988 .

150 991 275 1031 οὐκέτι
294 991 512 1045 ἐκφεύξεται
533 992 617 1034 τόδε
645 1011 706 1043 «γε.
761 993 821 1034 Τὸ
839 998 945 1035 ποῖον
961 1008 971 1042 ;
1002 992 1062 1035 Τὸ
1095 994 1155 1041 μὴ
1190 999 1256 1034 οὐκ
1276 996 1318 1034 ἐκ
1337 998 1405 1035 τοῦ
1423 994 1552 1042 ’γένους
1570 992 1661 1035 εἶναι

149 1050 231 1088 τόν
245 1046 542 1096 θαυματοποιῶν
572 1068 643 1093 τις.
704 1050 833 1099 Quod
861 1052 1017 1104 effugit
1051 1050 1357 1093 Heindorfium
1390 1051 1448 1092 ad
1482 1049 1660 1092 Parme-

146 1104 295 1147 uidem
314 1120 359 1161 p.
380 1106 479 1149 246.
510 1109 588 1161 qui
620 1110 701 1150 hac
732 1123 779 1151 re
810 1110 877 1151 uti
911 1113 1087 1164 poterat
1106 1104 1162 1149 a‘d
1181 1109 1389 1150 tuendam
1419 1109 1661 1161 interroga-

148 1163 330 1216 tionem,
373 1178 509 1218 quam
548 1167 649 1219 jure
690 1169 846 1208 statuit
884 1168 930 1208 in
968 1168 1049 1208 hoc
1098 1179 1190 1208 esse
1222 1165 1510 1207 -Parmenidis
1561 1166 1660 1207 loco

146 1232 193 1274 p·
217 1220 308 1263 147.
330 1222 382 1262 Α.
404 1224 434 1263 εἰ
454 1223 494 1264 δὲ
511 1224 616 1271 μήτε
637 1227 784 1265 ἑαυτοῖς
801 1224 910 1279 ἕτερά
924 1226 1019 1272 ἐστι,
1040 1224 1143 1272 μήτε
1164 1229 1220 1280 τῷ
1239 1226 1368 1279 ἑτέρῳ,
1398 1226 1442 1264 οὖ
1458 1224 1594 1278 πάντῃ
1613 1221 1660 1264 ἂν

142 1276 225 1322 ἤδη
253 1281 406 1332 ἐκφύγοι
436 1280 482 1320 τὸ
501 1281 561 1328 m}
584 1280 693 1335 ἕτερα
723 1279 812 1323 εἶναι
843 1282 1055 1328 ἀλλήλωνς
1087 1281 1204 1323 Nam
1224 1281 1396 1322 sublata
1416 1282 1658 1333 interroga-

146 1337 270 1378 tione
288 1349 377 1378 non
396 1338 472 1388 μὴ,
507 1338 580 1380 sed
610 1339 671 1386 μὴ
705 1339 797 1391 οὐχὶ
817 1339 904 1381 dici
923 1339 1164 1386 debuisset,
1195 1339 1302 1391 quia
1321 1342 1425 1379 tunc
1444 1340 1511 1378 οὐκ
1531 1335 1575 1379 ἂν
1596 1339 1658 1378 ἐκ-

145 1395 256 1446 φύγοι
291 1395 465 1449 proprie
499 1396 665 1436 dictum
697 1396 872 1443 fuisset,
903 1409 1046 1449 neque
1079 1400 1130 1437 ut
1164 1408 1295 1442 nunc,
1328 1396 1444 1436 idem
1459 1395 1577 1448 quod
1597 1397 1658 1434 ἐκ-

143 1453 272 1504 φεύγει
300 1452 605 1505 significasset.
666 1451 827 1494 Rarius
863 1453 923 1500 μὴ
956 1453 1200 1494 omiserunt
1233 1453 1423 1499 librarii,
1462 1456 1513 1492 ut
1541 1452 1660 1505 apud

144 1507 461 1563 Alciphronem
495 1511 543 1551 ii.
565 1509 607 1550 2.
639 1523 684 1564 p.
720 1508 820 1551 214.
851 1511 929 1551 ubi
961 1510 1221 1563 legendum:
1254 1514 1321 1549 οὒκ
1354 1511 1535 1563 ἀρνοῦμαι
1560 1508 1661 1562 πρὸς

146 1564 211 1605 *rin
229 1567 411 1608 νεανίσκον
440 1568 500 1615 μὴ
530 1570 597 1607 οὐκ
615 1568 757 1608 οἰκείως
783 1568 888 1619 ’ἔχειν
908 1569 951 1607 ἐκ
967 1571 1138 1615 πολλοῦ,
1168 1567 1255 1608 nisi
1276 1566 1374 1619 quis
1391 1578 1491 1607 cum
1510 1565 1659 1606 codice

145 1620 351 1665 Dorvillii
390 1625 535 1677 legere
570 1625 719 1665 malit:
769 1627 836 1664 οὐκ
870 1627 1049 1679 ἀρνοῦμαι
1078 1623 1175 1678 πρὸς
1205 1622 1268 1664 τὸν
1303 1624 1485 1664 νεανίσκον
1516 1623 1659 1663 οἰκείως

141 1679 245 1732 ἔχειν
265 1681 307 1721 ἐκ
322 1686 488 1723 πολλοῦ.

151 1755 153 1757 ’
198 1736 428 1793 Participii
450 1740 643 1780 usumin
664 1738 747 1780 hoc
771 1751 931 1791 genere
961 1751 1050 1780 non
1076 1737 1220 1778 habeo
1249 1737 1412 1790 quibus
1446 1737 1658 1791 exemplis

139 1796 403 1847 confirmem,
434 1797 552 1850 quod
574 1798 721 1846 verba,
752 1797 927 1848 quaein
957 1796 1039 1837 hac
1066 1795 1389 1836 constructione
1406 1798 1657 1842 occurrunt,

141 1852 240 1893 fere
258 1853 522 1895 infinitivum
542 1854 627 1894 sibi
649 1854 912 1906 adjungunt.
973 1851 1101 1900 Quod
1118 1853 1156 1892 si
1176 1852 1353 1904 quando
1372 1852 1656 1906 participium
1664 1853 1750 1897 223

68 1948 74 1954 ,
143 1910 335 1958 additur,
371 1914 557 1964 utraque
588 1911 767 1964 negatio
800 1911 947 1951 omitti
973 1910 1095 1956 solet,
1125 1914 1179 1950 ut
1198 1909 1316 1963 apud
1335 1907 1588 1961 AEschylum
1609 1910 1656 1951 in

143 1966 301 2020 Agam.
320 1966 417 2010 592.
449 1966 673 2015 Νικῶμενος
692 1968 851 2015 λόγοισιν
871 1970 938 2007 οὐκ
955 1967 1168 2013 ἀναίνομαι·
1199 1971 1243 2007 et
1262 1966 1380 2020 apud
1399 1964 1658 2020 Euripidem

140 2025 189 2065 in
207 2023 349 2079 Iphig.
371 2025 471 2066 Aul.
497 2024 618 2066 1512.
651 2022 834 2066 Θανοῖισα
853 2023 888 2062 δ’
908 2026 975 2064 οὐκ
995 2024 1207 2071 ἀναίνομαι.

199 2082 286 2124 Sed
303 2082 567 2124 veniendum
583 2084 676 2134 jam
697 2085 764 2122 est
782 2081 837 2121 ad
856 2081 994 2124 alium
1012 2094 1142 2121 usum
1163 2081 1479 2135 particularum
1506 2080 1568 2127 μὴ
1596 2080 1656 2129 οὒ,

142 2141 221 2193 qui
252 2141 353 2182 talis
374 2143 456 2190 est,
486 2144 536 2181 ut
555 2139 621 2180 illi
643 2139 818 2191 regulae,
849 2150 983 2190 quam
1002 2139 1193 2192 primam
1225 2142 1269 2179 et
1296 2139 1546 2191 generalem
1578 2151 1655 2192 po-

141 2198 328 2246 suimus,
367 2209 616 2252 repugnare
646 2197 864 2237 videatur.
922 2194 1052 2237 Hunc
1085 2195 1200 2243 dico,
1231 2208 1319 2248 quo
1348 2196 1408 2242 μὴ
1445 2195 1488 2236 οὒ
1520 2195 1660 2237 etiam

141 2269 242 2297 cum
278 2256 496 2296 infinitivo
526 2259 571 2296 et
604 2254 840 2309 participio
865 2254 1031 2306 junctae
1065 2265 1154 2293 non
1181 2252 1416 2300 affirmant,
1447 2252 1523 2293 sed
1555 2265 1658 2294 cum

140 2313 421 2355 dubitatione
442 2316 615 2366 negant.
674 2309 866 2352 Tantum
884 2323 985 2352 vero
1020 2310 1157 2358 abest,
1190 2314 1242 2351 ut
1271 2310 1360 2351 ista
1388 2310 1545 2362 regula
1575 2310 1658 2352 hac

141 2383 189 2412 re
222 2371 528 2418 labefactetur,
563 2374 614 2411 ut
634 2369 776 2420 magis
795 2382 848 2409 ea
866 2369 1158 2409 confirmetur.
1220 2366 1426 2409 Diximus
1446 2367 1565 2407 enim
1594 2367 1655 2413 μὴ

143 2427 186 2469 οὓ
223 2441 324 2470 cum
362 2430 496 2470 verbo
528 2429 653 2469 finito
691 2428 866 2479 junctas
895 2426 1144 2466 dubitanter
1172 2437 1356 2478 negare:
1402 2424 1451 2465 id
1480 2425 1656 2465 veroin

142 2486 225 2528 hoc
259 2486 358 2540 ipso
393 2500 491 2534 usu,
531 2486 585 2526 de
621 2498 710 2538 quo
759 2496 874 2524 nunc
919 2484 1118 2530 dicimus,
1160 2482 1223 2523 sic
1262 2494 1357 2523 esse
1391 2482 1655 2522 invenietur.

143 2542 273 2585 Hanc
318 2556 492 2597 quoque
530 2555 621 2584 rem
662 2542 814 2594 regula
854 2541 1043 2593 quadam
1079 2539 1515 2594 comprehendemus,
1555 2551 1655 2591 quae

141 2601 236 2643 haec
270 2606 353 2643 est.
414 2600 495 2644 Μὴ
515 2601 558 2642 οὒ
577 2599 654 2647 ubi
670 2612 763 2641 cum
792 2597 1011 2652 infinitivo
1028 2596 1095 2638 vel
1106 2594 1344 2652 participio
1362 2596 1428 2638 vec
1445 2595 1561 2638 nudo
1582 2608 1655 2638 no-

140 2658 256 2701 mine
271 2657 337 2701 vel
356 2657 555 2700 adverbio
574 2656 640 2699 ita
660 2657 993 2712 conjunguntur,
1028 2661 1076 2696 ut
1102 2667 1234 2695 unam
1261 2653 1507 2696 contineant
1524 2666 1655 2708 nega-

142 2715 320 2764 tionem,
341 2730 428 2758 non
448 2729 541 2758 cum
560 2730 608 2757 eo
627 2713 864 2769 infinitivo,
894 2718 971 2755 aut
987 2710 1236 2768 participio,
1266 2716 1344 2753 aut
1361 2709 1549 2759 nomine,
1577 2716 1654 2751 aut

145 2773 347 2816 adverbio
365 2778 679 2819 construuntur,
708 2771 783 2813 sed
813 2770 863 2812 in
894 2769 1035 2813 medio
1062 2769 1296 2817 adduntur,
1324 2767 1516 2825 repetitis
1540 2766 1655 2822 cogi·

146 2831 310 2874 tatione
322 2830 654 2888 praecedentibus
672 2828 810 2871 verbis
823 2843 837 2869 .-
868 2828 1065 2885 ideoque,
1085 2833 1134 2868 ut
1160 2840 1254 2869 cum
1270 2825 1392 2868 verbo
1403 2825 1537 2880 finito
1556 2837 1654 2866 con-

143 2895 321 2939 smactae,
350 2888 592 2931 dubitanter
621 2892 793 2943 negant.
853 2885 958 2928 Uno
985 2887 1095 2927 hanc
1129 2897 1223 2926 rem
1248 2885 1447 2938 exemplo
1474 2884 1654 2938 planam

143 2946 326 2998 faciam,
354 2948 444 2994 alia
462 2947 620 2990 deinde
639 2947 771 3003 plura
787 2944 1028 3005 additurus,
1058 2942 1115 2986 ad
1146 2942 1440 2987 differentiam
1459 2942 1574 2984 inter
1592 2939 1653 2989 μὴ
