1838 3164
769 176 996 206 ΕΙΔΟΣ-ΕῙΣ,
1584 148 1642 194 85

125 275 179 330 τῇ
199 276 267 316 τοῦ
286 272 402 316 Βάαλ
421 271 560 316 εἶκόνιῐ.
622 265 822 316 Occurrit
853 276 999 314 autem
1030 270 1212 322 Roman.
1241 271 1304 313 xi.
1334 269 1378 313 4.
1412 269 1637 314 Κατέλιὰιον

125 332 283 388 ἐμαυτῷ
303 332 617 386 ἑπτακισχιλίους
651 331 799 384 ἄνδρας,
831 330 958 371 οἵτινες
989 333 1055 371 οὐκ
1084 330 1271 378 ’ἔκαμψαν
1299 330 1389 378 «γόνυ
1419 334 1471 385 τῇ
1506 328 1638 370 Βάαλ.

122 386 300 444 Reliqui
317 388 426 431 milzz‘
449 394 609 445 septem
631 387 771 431 millia
799 386 1004 436 virorum,
1038 385 1115 444 qui
1142 400 1229 428 non
1249 391 1479 428 curvarunt
1495 399 1639 441 genua

122 444 405 495 anteBaaLJ
456 445 684 495 Δαμάλεως
722 446 900 500 quidem
932 458 1079 487 vocem
1115 445 1384 487 subaudiunt
1413 443 1641 498 Lightfoot

122 503 179 544 ad
203 503 246 544 h.
263 504 294 544 1.
316 507 360 553 et
382 502 559 554 Heneke
589 504 648 545 de·
667 517 747 545 usu
768 502 1127 557 Apocryphorum
1156 503 1201 543 in
1234 501 1293 544 N.
1313 500 1365 543 T.
1399 516 1435 544 c.
1457 502 1488 542 i.
1525 500 1568 558 §.
1591 501 1636 543 4.
1664 533 1669 543 2

122 563 167 602 et
198 561 369 613 quidem
398 562 574 604 ex'loco
604 559 754 602 Tobiae
776 562 806 602 i.
838 559 881 601 5.
914 561 987 602 ubi
1009 573 1208 614 expresse
1227 560 1412 613 legitur:
1446 557 1531 600 Καὶ
1559 562 1640 600 «πᾶ-
1667 613 1669 617 Ι

123 635 183 659 σαι
202 620 243 659 αἳ
260 617 378 671 φυλαὶ
407 620 448 659 αἱ
477 621 754 660 summm-awa
783 616 891 659 ’ἔθυον
926 622 978 674 τῇ
1014 617 1129 658 Βάαλ
1162 622 1215 673 τῇ
1235 616 1411 665 δαμάλει.
1472 616 1557 658 Sed
1583 617 1668 678 1.)Ι

122 675 194 717 hic
212 678 277 726 est
295 676 418 717 varia
436 676 576 727 lectio,
608 675 760 724 δυνάμει
787 689 867 731 pro
887 674 1069 724 δαμάλει,
1098 676 1214 728 quod
1244 679 1288 716 et
1322 674 1507 716 Drusius
1539 674 1669 723 sub-gi

80 758 85 763 -
120 732 340 784 intelligit.
374 732 422 788 2)
465 731 620 776 Hoseae
639 734 687 775 ii.
719 733 759 774 8.
788 732 933 774 Judaei
958 733 1163 774 dicuntur
1194 733 1453 774 vestimenta
1484 733 1658 774 fecisse·

121 794 174 842 τῇ
211 788 356 836 Boiam
405 791 521 843 quod
551 792 670 843 omni
703 791 836 832 dubio
872 792 1022 846 procul
1061 791 1208 831 vitulis
1240 803 1328 831 non
1361 791 1527 832 factum
1561 795 1639 831 est.

120 845 215 893 Nec
233 847 381 889 obstat
398 850 599 902 exceptio
619 847 883 902 Lightfooti‚
920 847 1038 901 quod
1056 846 1170 907 Baal
1197 848 1331 889 fuerit
1362 861 1518 889 nomen
1548 861 1640 889 om-

120 905 248 946 nibus
266 905 394 947 idolis
412 919 666 948 commune:
700 919 778 947 nos
803 907 920 948 enim
942 906 1194 959 regei-imus,
1226 918 1375 947 vocem
1395 907 1528 947 εἰκόνος
1546 918 1639 945 om-

120 961 249 1003 nibus
270 963 396 1014 idolis
413 976 544 1016 quam
564 964 730 1017 optime
750 964 975 1017 quadrare.
1037 961 1155 1016 Ergo
1174 976 1272 1004 cum
1295 961 1455 1004 Pasore
1474 966 1520 1005 et
1540 960 1641 1004 Ful-

120 1019 209 1060 lero
228 1018 550 1062 Miscellaneor.
573 1023 648 1064 lib.
670 1022 716 1063 ii.
739 1021 780 1063 7.
804 1034 951 1063 vocem
972 1022 1104 1062 εἰκόνος
1122 1022 1231 1062 bene
1249 1021 1638 1075 subintelligimus.

123 1074 389 1119 Scaowrre.

361 1160 386 1187 ’ἒ
407 1158 468 1201 EI
475 1158 600 1202 ΚΟΣ
631 1159 786 1210 ΕΣΤΙ,
818 1158 980 1203 DECE
989 1160 1037 1210 T,
1070 1158 1191 1203 CON
1199 1158 1350 1203 VENI
1356 1160 1402 1203 T.

177 1229 229 1274 In
256 1230 489 1275 Infinitivis
522 1237 717 1278 absolute
735 1236 893 1291 positis
913 1236 1132 1278 interdum
1152 1237 1411 1293 subauditur
1433 1236 1529 1277 εἶκός
1546 1236 1642 1284 ἐστι,

118 1291 182 1331 uti
213 1290 339 1332 docet
376 1290 619 1335 Dorvillius
658 1294 714 1334 ad
753 1292 1036 1335 Charitonem
1075 1306 1119 1348 p.
1161 1292 1254 1335 143.
1316 1292 1393 1336 Sic
1426 1292 1643 1347 Virgilius

117 1345 218 1388 AEn.
240 1348 314 1389 lib.
336 1347 367 1389 i.
389 1362 430 1390 v.
451 1347 537 1389 41.·
819 1359 823 1362 “

462 1405 594 1448 Mene
613 1405 779 1459 incepto
801 1406 996 1450 desistere
1013 1407 1186 1457 victam,

288 1459 378 1505 Nec
390 1477 515 1520 posse
533 1464 666 1506 Italia
694 1464 946 1508 Teucrorum
965 1471 1150 1509 avertere
1166 1468 1343 1522 regem?

116 1532 147 1559 s.
171 1517 299 1563 decet.
328 1521 541 1564 Scnwnn.
602 1521 816 1578 Exempla
834 1538 861 1566 a
881 1522 1097 1566 Dorvillio
1117 1526 1300 1567 collecta
1330 1525 1460 1578 longe
1479 1523 1642 1569 diversi

117 1579 286 1629 generis
303 1583 431 1628 sunt;
464 1580 719 1635 diceturque
739 1583 792 1624 de
821 1583 875 1623 iis
907 1582 1027 1623 infra
1058 1583 1113 1623 ad
1144 1583 1326 1624 verbum
1347 1580 1512 1630 Οἵομαι.
1542 1583 1641 1626 Vir-

118 1635 331 1687 gi'lianum
367 1638 511 1679 locum
549 1652 769 1694 compares
807 1653 906 1681 cum
942 1640 1134 1682 formula
1173 1641 1267 1688 illa,
1318 1638 1377 1681 Τὸ
1414 1641 1483 1690 ἐμὲ
1517 1655 1640 1697 sequ.

118 1692 278 1736 infinit.
301 1694 355 1736 de
373 1709 462 1750 qua
481 1710 520 1738 v.
541 1694 719 1751 Ellipsis
742 1698 933 1752 plurium
954 1711 1122 1742 vocum.
1153 1697 1353 1740 SCHAEF.

504 1779 530 1806 *
560 1778 960 1828 EIPHMENON‚
991 1779 1252 1823 DICTUM.

176 1847 464 1906 Inlxsodaacom
486 1853 663 1905 quando
682 1866 888 1895 summam
909 1853 1369 1908 dictorumsignificat.
1428 1855 1560 1899 Plene
1577 1861 1643 1901 est:

118 1907 235 1961 apud
270 1907 499 1952 Isocratem
519 1911 563 1950 in
586 1911 765 1952 Nicocle
799 1924 845 1964 p.
874 1910 967 1952 116.
999 1910 1221 1964 Κεφάλαιον
1251 1912 1290 1954 δὲ
1321 1917 1395 1955 τῶν
1426 1915 1641 1970 εἰρημένων.

119 1964 203 2006 Pro
235 1978 322 2018 quo
352 1966 619 2009 Themistius
654 1969 785 2009 habet
821 1966 945 2008 Orat.
966 1981 1007 2009 x.
1039 1982 1084 2023 p.
1114 1970 1209 2012 130.
1246 1969 1303 2011 D.
1337 1973 1539 2025 κεφάλαιον
1573 1978 1643 2016 τοῦ

65 2057 70 2065 ,
119 2023 300 2077 παρόντος
320 2025 450 2072 λόγου.
511 2023 564 2065 V.
585 2024 772 2066 Wolfius
793 2026 848 2066 ad
869 2024 968 2066 Ebr.
992 2039 1089 2080 cap.
1114 2028 1207 2069 viii.
1232 2042 1322 2069 ver.
1352 2029 1384 2070 1.
1424 2031 1640 2072 ScquB.

117 2077 317 2134 Ellipsis,
347 2084 396 2121 ut
413 2085 480 2122 tot
500 2083 614 2136 aliae,
650 2096 676 2125 a
697 2082 967 2124 Schwebelio
986 2087 1146 2126 temere
1165 2086 1364 2128 conficta.
1399 2085 1638 2140 Κεφάλαιον,

117 2138 155 2178 si
175 2138 230 2178 ad
252 2136 367 2189 dicta
388 2139 620 2186 referatur,
657 2154 748 2182 esse
776 2154 991 2182 summam
1013 2140 1236 2194 dictorum,
1270 2144 1333 2186 sic
1354 2149 1491 2198 patet,
1526 2147 1639 2188 nihil

115 2198 166 2235 ut
186 2195 243 2236 ad
261 2196 500 2237 orationem
535 2199 1056 2252 explendamssubaudiri
1087 2204 1301 2255 oporteat.
1359 2201 1566 2257 Idemque
1584 2205 1639 2246 de

114 2253 318 2307 plurimis
337 2254 436 2296 aliis
454 2255 751 2298 locutionibus
771 2257 1021 2307 tenendum,
1052 2259 1128 2300 ubi
1154 2260 1262 2301 item
1281 2258 1468 2316 Ellipses
1488 2263 1639 2305 nescio

117 2321 224 2362 quas
244 2316 435 2366 crepant.
465 2312 675 2356 SCHAEF.

713 2398 832 2450 ΕΙΣ,
869 2398 1036 2443 UNUS.

175 2468 412 2523 Eleganter
446 2474 664 2515 omittitur
695 2473 760 2524 εἷς,
790 2474 855 2516 vel
887 2472 940 2515 εῖς
970 2472 1056 2523 w,
1096 2477 1146 2516 ut
1163 2475 1282 2530 apud
1298 2460 1634 2531 Xenophontem

118 2525 394 2570 Memorabil.
417 2529 448 2569 i.
481 2529 615 2587 §.BL
646 2529 736 2572 Τῶν
765 2533 964 2586 τριάκοντα
998 2532 1062 2580 ὢν,
1093 2533 1187 2574 scil.
1225 2531 1277 2574 εἷς
1307 2535 1350 2574 ἐκ
1370 2550 1408 2574 τ’.
1470 2534 1634 2593 (Unus)

118 2599 142 2626 e
161 2584 358 2642 triginta.
417 2585 617 2630 AElianus
638 2587 742 2630 Var.
764 2587 877 2639 Hist.
897 2591 972 2631 xii.
995 2589 1034 2647 9.
1055 2587 1139 2632 ‘'Hv
1173 2590 1248 2648 Γνοὶρ
1276 2595 1349 2632 τῶν
1383 2591 1544 2641 ἀγαθῶν
1570 2599 1634 2636 α’ν-

163 2707 173 2730 *
191 2708 309 2742 Obstat
325 2720 415 2751 vere,
441 2709 574 2751 l)quod
595 2711 644 2744 sic
668 2712 844 2746 dicendum
906 2713 1036 2756 beatur,
1058 2724 1125 2746 non
1141 2713 1319 2756 probabile
1334 2715 1390 2755 sit,
1416 2718 1556 2751 Paulum
1571 2730 1634 2752 vo-

116 2751 233 2785 fuisset
249 2756 326 2797 :effi
355 2755 406 2785 τοῦ
427 2755 525 2790 Βάαλ,
561 2754 715 2796 inprimis
740 2768 843 2798 quum
908 2758 1012 2791 luisse
1025 2761 1202 2801 inmyiMm
1219 2760 1331 2791 Baalis
1343 2760 1466 2792 dicere.
1489 2762 1610 2795 Mlcu.

114 2796 208 2826 -Βάαλ
229 2797 462 2830 terminatione
495 2799 620 2830 casuali
648 2801 740 2831 nulla
760 2810 843 2841 gau-
951 2801 1076 2833 kConf.
1106 2800 1187 2833 inira
1205 2802 1273 2833 ¹sub
1299 2815 1354 2836 τις.
1399 2804 1482 2836 Item
1505 2806 1538 2837 in
1565 2820 1633 2838 και-

118 2839 205 2878 deat,
226 2850 268 2871 ex
293 2851 360 2882 qua
384 2841 550 2882 genitivus
572 2852 668 2874 casus
689 2843 841 2884 dignosci
924 2844 960 2882 ἂν,
993 2845 1068 2876 scil.
1100 2843 1160 2883 ἕνα,
1195 2846 1335 2888 Apocal.
1358 2845 1420 2878 xii.
1447 2849 1497 2879 14.
1533 2849 1633 2891 λέγω

118 2886 254 2922 posset3
290 2884 370 2916 coll.
394 2885 514 2917 Matth.
534 2885 557 2916 i.
582 2887 613 2917 6.
647 2887 680 2917 ἐκ
712 2887 764 2920 τῆς
790 2887 842 2917 τοῦ
905 2857 1028 2919 iVlatth.
1057 2897 1113 2920 xv.
1149 2892 1203 2920 23.
1247 2888 1343 2920 Conf.
1380 2890 1563 2933 Georgium
1594 2893 1629 2925 in

119 2923 226 2966 οὐρίου.
238 2931 272 2958 et
287 2926 407 2960 Joann.
429 2928 501 2960 xix.
523 2932 577 2960 25.
599 2929 617 2962 ἡ
644 2929 694 2960 τοῦ
709 2932 838 2962 Κλωπᾶ.
907 2930 1076 2963 vindiciis
1116 2931 1206 2966 Novi
1240 2931 1456 2974 Testamenti,
1492 2946 1527 2978 p.
1558 2937 1631 2968 183.

117 2966 154 3008 2)
165 2970 266 3011 quod,
285 2981 389 3014 quum
410 2971 444 3006 in
467 2977 558 3007 textu
583 2973 755 3007 Hebraico
779 2973 839 3006 ha-
904 2985 994 3017 seqq.
1016 2974 1138 3007 Mlcu.
