1838 3164
1573 86 1594 111 θ

164 132 253 178 490
537 145 734 183 Emesls
760 142 1013 181 coumncr.
1034 144 1096 181 ΕΤ
1118 144 1325 181 ADVERB.

162 248 356 294 Licitum
372 247 550 302 esttibi,
571 249 712 300 credo,
735 263 819 309 pro
836 257 914 295 tua
932 248 1165 308 dignitate.
1221 247 1343 292 Idem
1358 246 1436 293 lib.
1457 260 1500 293 v.
1524 261 1594 309 ep.
1618 249 1684 296 15.

163 307 356 358 Litterae,
380 308 519 359 credo,
543 307 696 367 quibus
714 315 813 353 utor
830 308 1016 353 assidue.
1048 309 1266 352 Scuwuss.
1423 321 1425 323 ·

222 367 449 410 Postremo
468 371 572 410 ante
591 367 861 410 infinitivum
881 369 995 409 εἰπεῖν
1014 372 1057 410 et
1077 369 1213 410 simil.
1236 379 1325 409 non
1343 376 1446 409 raro
1466 366 1689 416 omittitur

163 428 214 468 ὣς
232 426 301 468 vel
323 426 437 475 ὥστε,
471 429 524 468 ut
543 426 731 467 συνελόντι
750 427 890 467 εἶπεῖνῖ
921 424 996 467 Ῑὲνὶ
1017 425 1056 468 δὲ
1075 427 1179 484 λόγῳ
1197 428 1336 468 εἶπεῖνξ
1367 427 1419 467 ut
1449 437 1537 469 uno
1561 424 1690 470 verbo

163 482 319 526 dicam.
379 482 652 538 Frequenter
670 483 863 531 additur,
881 486 933 524 ut
951 484 1001 524 ὣς
1020 485 1153 533 εἰπεῖν,
1173 485 1223 526 ὡς
1240 484 1330 525 ’έπος
1345 484 1475 526 εἰπεῖν.

225 543 249 568 *
272 541 354 583 ιΩς
372 543 487 583 εἰπεῖν
505 543 638 597 pleno
658 553 859 583 sermone
879 541 1137 594 frequenter<
1151 540 1270 595 apud
1289 542 1523 598 scriptores
1541 555 1691 588 occur·

163 601 236 652 rit,
256 614 297 642 e.
311 613 354 655 g.
370 599 638 653 Athenagor.
660 599 707 640 in
727 597 884 652 Legat.
904 611 985 654 pro
1004 596 1171 641 Christ.
1185 612 1224 640 c.
1237 599 1357 640 xxvi.
1376 604 1422 641 et
1438 599 1691 644 Onosandr.

161 671 202 701 c.
225 671 298 700 xx.
331 658 431 701 vide
463 659 523 700 sis
548 658 612 699 ibi
642 660 730 699 not.
792 657 923 700 Hanc
954 656 1165 699 infinitivi
1191 658 1563 701 constructionem
1588 672 1693 703 cum

162 717 260 759 ὥστε
280 718 426 759 rarius
445 716 676 758 imitantur
695 713 846 758 Latini
867 729 878 765 ;
910 711 996 756 nisi
1014 713 1133 767 quod
1153 712 1528 769 Linaceraliquoi:
1546 728 1692 759 exem-

161 775 239 830 pla
259 773 403 824 affert,
432 774 480 816 in
498 775 661 828 quibus
680 773 949 816 constructio
968 772 1060 814 haec
1089 772 1237 815 locum
1266 772 1355 828 ipsi
1389 773 1554 815 habere
1572 774 1692 816 vide·
1751 786 1757 791 ·

160 837 251 875 tur.
273 833 359 875 vid.
390 833 541 888 ipsum
567 833 621 875 de
653 832 875 876 emendat.
911 833 1118 874 structur.
1151 828 1249 872 Lat.
1287 829 1569 888 sermonisp.
1588 830 1689 876 244.

162 891 267 934 edit.
287 890 445 947 Steph.
476 889 696 933 Scuwun.

748 962 778 992 ²*
795 960 973 1013 ΩΣΤΕ,
1010 958 1106 1005 UT.

217 1038 457 1083 Omittitur
489 1040 742 1096 saepissime,
776 1039 957 1094 quando
989 1038 1174 1082 verbum
1205 1049 1305 1082 cum
1337 1037 1558 1082 infinitivo
1589 1051 1694 1083 con-

160 1100 358 1142 struitur.
425 1098 668 1154 Alciphron
699 1098 827 1154 epist.
865 1099 895 1140 i.
934 1097 972 1140 1.
1007 1110 1050 1152 p.
1087 1095 1127 1139 8.
1159 1095 1469 1146 ἀπηνεγκάμεθα
1494 1100 1695 1148 Α«γαμιετιιιῗς

160 1156 225 1198 καὶ
244 1156 409 1198 παιδίοις
439 1156 551 1207 ’ὄγκον
582 1160 650 1199 οὐκ
683 1159 811 1207 ὀλίγον
842 1157 947 1210 ’ἔχειν
975 1159 1051 1197 τῶν
1070 1156 1310 1211 λεπτοτέρων
1330 1153 1499 1209 ἰχθύων.
1528 1155 1694 1199 Attuli-

158 1227 253 1256 mus
271 1213 476 1258 uxoribus
493 1220 535 1257 et
552 1213 699 1259 liberis
715 1229 805 1259 non
824 1214 1027 1270 exiguam
1040 1213 1192 1256 molem
1208 1211 1492 1264 minutiorum
1508 1213 1693 1273 piscium

159 1271 323 1321 habere,
354 1287 459 1336 pro:
491 1273 768 1318 athaberent.
831 1272 966 1315 Plura
984 1272 1049 1314 ibi
1069 1273 1239 1315 clariss.
1262 1270 1510 1326 Berglerus.

218 1329 452 1374 Imitantur
471 1335 517 1374 et
537 1331 703 1374 Latini.
762 1330 981 1384 Virgilius
1000 1343 1012 1370 :

447 1401 526 1432 suo
548 1389 624 1432 dat
641 1388 793 1433 habere
810 1386 976 1445 nepoti.

160 1459 270 1503 pro:
301 1453 351 1489 ut
368 1445 535 1489 habeat.
597 1444 867 1488 ScHOETTe.
1543 1479 1551 1486 .

218 1504 246 1532 ᾗ
276 1503 450 1546 Passim
475 1507 580 1545 ante
612 1505 881 1547 infinitivum
908 1502 1007 1546 ὥστε
1031 1503 1182 1558 paullo
1215 1502 1367 1545 durius
1394 1501 1526 1544 deest.
1582 1500 1694 1546 Tale

161 1566 230 1605 est
249 1563 358 1605 illud
379 1562 594 1604 Herodoti
627 1563 707 1604 lib.
729 1563 761 1604 i.
783 1577 821 1605 c.
850 1562 916 1605 13.
949 1561 1153 1610 συνέβησαν
1183 1562 1220 1604 ἐς
1257 1559 1457 1610 τῶῦτὸ-,
1483 1559 1589 1602 τόνδε
1618 1565 1694 1610 βα·-

133 1657 137 1661 ,
161 1623 330 1663 σιλεύειν.
390 1620 593 1663 Vicissim
626 1620 723 1662 ὥστε
753 1620 953 1662 additum
976 1620 1189 1675 reperias,
1219 1618 1298 1661 ubi
1333 1631 1421 1660 non
1452 1618 1692 1662 desideres.

163 1678 420 1732 Cujusmodi
438 1682 508 1721 est
527 1679 608 1721 hoc
627 1679 824 1733 ejusdem
838 1679 921 1731 lib.
945 1679 976 1719 i.
998 1692 1036 1719 c.
1055 1676 1126 1720 74.
1148 1678 1331 1722 συνήνεικε
1352 1675 1578 1721 ὥστε-τῆν
1593 1678 1692 1726 ἦμέ-

161 1753 228 1793 ρην
249 1735 428 1787 ἐξαπίνης
456 1738 576 1780 νύκτα
609 1735 800 1786 «γενέσθαι.
860 1735 1047 1790 Vulgari
1069 1736 1200 1777 modo
1227 1750 1266 1778 c.
1290 1734 1360 1776 73.
1392 1734 1575 1779 συνήνεικε
1596 1737 1694 1778 ἑλεῖν

163 1795 281 1848 σφέας
313 1794 448 1844 μηδέν.
510 1795 686 1836 Similia
722 1796 815 1836 haec
848 1794 1093 1849 Sophoclis.
1126 1793 1312 1835 Philoct.
1346 1805 1438 1834 ver.
1481 1791 1582 1834 656.
1633 1792 1691 1848 ἆρ’

162 1851 263 1910 ἐστὶν
283 1853 378 1894 ὥστε
399 1851 595 1903 κσῖγνγόθεν
616 1852 708 1895 θέαν
727 1855 878 1902 λαβεῖν,
907 1870 947 1894 κ.
970 1868 1010 1893 τ.
1031 1860 1072 1894 λ.
1130 1850 1291 1894 Electr.
1326 1864 1413 1893 ver.
1451 1848 1578 1893 1454.
1608 1852 1693 1892 παί-

162 1912 262 1965 ρεστ’
287 1909 342 1967 ἄρ’
364 1912 455 1959 ἡμῖν
490 1912 586 1952 ὥστε
619 1914 803 1965 κάμφανῆ
832 1908 989 1960 μαθεῖν.
1017 1922 1115 1964 quae
1134 1911 1244 1953 item
1262 1909 1548 1964 interrogatio
1565 1908 1691 1952 dubi-

164 1969 303 2011 tantis
326 1983 418 2025 prae
435 1970 599 2024 gaudio
615 1970 801 2012 videtur.
833 1969 1039 2012 SanEF.

575 2092 587 2118 ¹
612 2093 766 2128 Paeanius
787 2093 853 2127 lib:
868 2104 902 2127 x.
924 2105 955 2127 c.
972 2096 1005 2128 4.
1027 2104 1062 2128 n.
1079 2094 1113 2127 7.
1138 2092 1260 2128 chu.
