1838 3164
685 135 1103 170 Ammon-amem
1600 116 1657 161 63

606 237 634 267 '¹¹'
663 236 912 288 ΔΗΛΟΝ,
944 236 1060 281 CER
1071 233 1215 279 TUM.

207 303 361 354 Δῆλον,
384 308 540 348 certum
553 311 628 355 est,
649 305 798 348 deesse
817 306 991 348 videtur
1017 305 1034 346 1
1068 304 1230 346 Joann.
1254 301 1318 345 iii.
1346 300 1418 344 20.
1439 305 1543 343 ante
1564 302 1656 344 haec

150 363 304 405 verba:
335 363 391 404 ὅτι
409 363 546 418 μείζων
564 362 661 405 ἐστὶν
677 364 694 405 ὅ
715 363 833 414 Θεὸς,
852 367 936 406 etc.
951 362 1104 406 MICH.

218 460 245 488 ⁴*
275 441 545 509 ΔΗΜΙΟΣ,
575 458 760 502 MINIS
769 458 900 508 TER,
932 473 1006 502 seu
1031 454 1144 501 SER
1157 456 1269 501 VUS
1286 455 1599 499 PUBLICUS.

208 533 325 583 Mihi
344 547 430 577 non
450 538 517 577 est
536 534 735 583 dubium,
756 539 857 590 post
871 535 1014 577 ‘verba
1046 536 1214 584 πέμπειν
1245 539 1290 576 et
1319 535 1552 575 ἐπιστέλλειν
1583 533 1658 575 ab·

150 593 292 634 solute
310 593 472 647 posita,
493 594 657 635 rectius
675 594 895 635 interdum
918 593 962 633 τὸ
983 592 1114 640 δήμιον
1148 592 1215 633 vel
1238 591 1394 640 δημίους
1413 590 1658 638 subaudiri,

149 661 282 703 quam
318 650 385 691 vel
423 651 639 699 ἐπιστολὴν,
670 651 737 692 vel
771 652 877 693 alia.
938 650 1070 706 Apud
1111 649 1313 691 Marcum
1352 662 1445 703 cap.
1488 650 1548 689 vi.
1584 647 1656 690 27.

148 707 544 752 Ἶθτὴοάποστέλλειν
560 709 735 751 additur
755 710 1043 766 σπεκουλάτωξ,
1060 708 1092 749 i.
1115 722 1152 749 e.
1178 707 1324 756 δήμιος.
1368 705 1471 750 Vid.
1492 705 1657 749 Casan-

147 762 288 808 bonus
306 764 679 808 adillumlocum.
739 765 899 809 [ΜΒΝ.
1646 770 1649 773 ’

488 864 515 892 *
548 863 794 913 ΔΗΜΟΣ,
824 862 1044 923 DEMUS
1063 877 1098 905 s.
1122 862 1336 906 PAGUS.

205 941 237 964 ‘⁸
269 937 405 983 Deest
431 939 513 982 hoc
546 953 704 982 nomen
736 940 855 995 apud
888 937 1019 980 Arist.
1056 935 1223 991 Equitt.
1261 936 1329 979 79.
1363 938 1398 979 ἐν
1428 935 1658 979 Κλωπιδῶν.

148 993 226 1038 ubi
247 1008 286 1038 v.
308 995 597 1040 Casaubonus
616 1012 658 1054 p.
686 997 759 1040 77.
791 996 960 1040 Neoc.’'
1019 994 1210 1039 Fischer.
1239 995 1297 1038 ad
1317 993 1497 1037 Weller.
1527 995 1591 1037 iii.
1619 994 1656 1038 1.

151 1052 318 1109 p.254.
376 1053 573 1098 Sonans.

375 1151 404 1181 *τ
434 1127 963 1202 ΔΙΑΓΕΝΟΜΕΝΟΣ,
994 1150 1431 1195 INTERJEGTUS.

206 1225 445 1272 Subaudiri
480 1234 627 1285 potest
666 1226 747 1272 hoe
766 1229 1030 1271 vocabulum
1052 1227 1192 1270 Marc.
1217 1228 1265 1270 ii.¹
1290 1229 1328 1270 1.
1361 1228 1407 1270 δι’
1439 1228 1599 1283 ἧμερῶν.
1624 1239 1658 1270 s.

148 1289 254 1327 τινῶν
282 1285 559 1336 διαγενομένων.
619 1286 709 1328 Sic·
739 1285 888 1328 Actor.
923 1298 1028 1327 xxv.
1064 1286 1127 1327 13.
1159 1286 1307 1341 ’ἡμερῶν
1328 1285 1366 1327 δὲ
1398 1285 1661 1335 διαγενομένων

148 1345 268 1386 τινῶν.
291 1349 336 1386 et
356 1357 455 1399 cap.
486 1345 621 1387 xxvii.
654 1343 693 1385 9.
729 1345 854 1385 ἱκανοῦ
884 1342 922 1383 δὲ
962 1344 1102 1399 χρόνου
1136 1342 1406 1390 διαγενομένου.
1464 1341 1551 1384 Pro
1572 1355 1660 1398 quo
1689 1348 1695 1353 “

148 1399 396 1444 Herodotus
416 1402 492 1443 lib.
519 1403 547 1444 i.
570 1416 667 1457 cap.
688 1400 731 1443 8.
794 1399 940 1456 Χρόνου
960 1399 998 1442 δὲ
1020 1403 1062 1441 οὗ
1081 1404 1234 1442 πολλοῦ
1254 1398 1478 1455 διελθόντος.
1537 1398 1661 1441 Idem

147 1456 221 1500 lib.
242 1460 300 1501 ῙΧ.
321 1473 418 1515 cap.
445 1459 511 1502 16.
553 1459 725 1509 Ὀλίνγου
745 1458 840 1500 τινος
860 1458 997 1514 χρόνου
1029 1456 1253 1499 διελθόντος.
1282 1472 1319 1500 v.
1353 1456 1525 1499 διελθών.
1585 1455 1660 1499 Sic

147 1513 296 1559 Latini
337 1518 494 1575 paucis
531 1515 681 1560 diebus
724 1513 970 1571 interjectis.
1050 1513 1202 1557 Livius
1242 1515 1317 1556 lib.
1358 1516 1388 1557 i.
1437 1528 1536 1570 cap.
1587 1514 1659 1557 58.

147 1571 355 1618 Scnwssn.
412 1574 645 1618 Falluntur
665 1574 736 1617 h‘ic
763 1573 1061 1616 Schwebelius
1101 1574 1307 1627 infraque
1343 1573 1402 1615 ad
1427 1585 1467 1614 v.
1501 1570 1661 1614 διελθὼν

148 1629 498 1687 Sehoettgenius‚
523 1634 568 1675 in
584 1634 748 1676 talibus
767 1632 1007 1687 participia
1026 1631 1356 1674 subaudientes.
1402 1630 1471 1671 Δι’
1493 1630 1660 1685 ἡμερῶν,

147 1687 191 1730 δι’
230 1680 338 1740 {az-5311,
371 1696 450 1733 etc.
488 1691 730 1746 saepissime
765 1693 902 1744 legas,
949 1690 1043 1731 scil.
1086 1693 1208 1737 τινῶν,
1259 1701 1500 1742 nunquam,
1541 1687 1660 1741 quod

146 1748 308 1805 sciam.
333 1748 381 1789 δι’
400 1750 547 1808 ἡμερῶν
584 1749 845 1798 διαγενομένων
879 1761 915 1789 S.
947 1745 1186 1788 διελθουσῶν.
1247 1745 1510 1800 Praepositio
1539 1747 1659 1787 enim

147 1803 423 1860 saae‘genitivo
439 1808 594 1860 juncta
628 1808 726 1862 ipsa
759 1819 840 1860 per
861 1819 906 1847 se
935 1804 989 1845 de
1008 1805 1154 1858 spatio
1180 1805 1394 1859 temporis
1425 1804 1659 1856 interjecto

149 1862 217 1916 [ut
250 1864 303 1906 de
341 1865 576 1907 intervallo
608 1866 819 1906 locorum.
865 1877 904 1904 v.
953 1861 1163 1904 Herodot.
1213 1862 1291 1903 lib.
1338 1861 1416 1902 vii.
1463 1873 1556 1915 cap.
1586 1860 1656 1902 30.

152 1918 271 1976 198]
304 1922 479 1964 dicitur.
539 1921 793 1963 Herodotus
831 1921 909 1962 lib.
950 1920 1007 1960 vi.
1046 1932 1144 1974 cap.
1188 1918 1284 1960 118.
1327 1923 1439 1960 extr.
1469 1918 1511 1958 δι’
1545 1919 1657 1959 ἐτέων

147 1977 272 2026 εἴκοσι,
295 1985 394 2035 post
420 1978 580 2035 viginti
610 1992 755 2022 annos.
813 1978 921 2020 Tale
940 1981 1007 2019 est
1037 1975 1571 2030 frequentissimumillud
1597 1974 1658 2016 διὰ

65 2056 69 2063 ·
147 2034 300 2090 χρόνου,
331 2037 426 2078 scil.
450 2038 556 2078 τινός.
614 2036 719 2091 (non
739 2040 908 2084 πολλοῦ,
939 2034 1056 2088 quod
1072 2034 1185 2075 male
1205 2035 1381 2090 supplet
1398 2032 1555 2075 Bosius
1585 2046 1656 2074 su·

147 2097 230 2147 pra
246 2106 287 2148 p.
308 2092 370 2150 4.)
431 2092 692 2137 Plutarchus
713 2092 828 2135 Mor.
863 2098 893 2135 t.
930 2093 994 2134 iii.
1024 2106 1069 2147 p.
1104 2090 1172 2133 93.
1204 2090 1247 2132 ἄν
1277 2110 1335 2132 τις
1360 2090 1656 2147 Πολυπραγμο-

82 2173 85 2175 ·
147 2151 258 2194 σῦνηὲ
276 2151 347 2194 τὴν
370 2149 572 2196 ἀποθήκην
601 2154 732 2207 ἀνοίγῃ
760 2150 821 2191 διὰ
839 2151 993 2206 χρόνου,
1034 2167 1068 2190 κ.
1092 2166 1128 2190 τ.
1146 2157 1189 2190 λ.
1249 2147 1498 2203 ῙΠῐθΓρΓθΒτ
1529 2147 1656 2191 inter-

142 2207 284 2264 posito
303 2207 500 2265 temporis
525 2207 679 2265 spatio.
739 2207 866 2250 Conf.
905 2206 1131 2249 Weiskius
1161 2205 1410 2249 Comment.
1445 2207 1491 2248 in
1527 2204 1655 2249 Orat.

149 2262 342 2309 Cice-ron.
364 2279 454 2322 pro.
474 2266 538 2308 M.
561 2266 771 2310 Marcello
786 2280 829 2321 p.
850 2265 922 2308 49.
958 2265 1160 2307 SanEF.

456 2367 483 2395 ⁴*
513 2365 834 2415 ΔΙΑΘΗΚΗ,
869 2363 1205 2408 TESTAMEN
1208 2363 1348 2407 TUM.

207 2435 335 2493 Apud
361 2439 605 2497 Scriptores
641 2438 921 2482 Christianos
952 2441 998 2481 in
1018 2441 1043 2483 ἡ
1079 2437 1259 2480 παλαιάδ
1297 2443 1342 2481 et
1361 2437 1486 2491 καινὴ,
1522 2437 1578 2480 V.
1606 2443 1652 2481 et

150 2494 211 2538 N.
232 2495 280 2538 T.
302 2497 483 2541 Photius
503 2500 582 2541 lib.
604 2498 671 2539 iii.
692 2501 847 2540 contra
876 2497 1165 2545 Manichaeos,
1196 2510 1243 2552 p.
1279 2496 1322 2538 7.
1362 2498 1392 2537 εἶ
1424 2499 1592 2552 πονηρᾶς
1609 2496 1655 2541 ἦν

148 2556 277 2610 ἀρχῆς
294 2555 320 2599 ἦ
337 2556 509 2608 παλαιᾷ,
535 2554 578 2597 si
594 2561 711 2597 vetus
729 2555 1079 2610 (testamentum)
1099 2569 1126 2596 a
1154 2553 1267 2596 malo
1286 2551 1504 2610 principio
1520 2560 1657 2596 ortum

147 2609 325 2654 haberet.
383 2611 441 2655 Et
459 2627 502 2668 p.
525 2613 591 2656 17.
609 2614 639 2653 εἰ
659 2612 693 2652 δ’
713 2612 756 2656 ἦν
790 2614 815 2656 ἦ
834 2613 1000 2660 παλαιαὶ,
1020 2617 1104 2654 etc.
1165 2610 1335 2653 Pluries
1363 2612 1482 2652 enim
1501 2617 1657 2666 postea

147 2670 350 2711 occurrit.
407 2669 673 2725 Gregentius
688 2669 955 2724 Tephrensis
974 2671 1134 2725 disput.
1157 2683 1256 2711 cum
1276 2667 1486 2710 Herbano
1500 2669 1529 2711 J
1533 2670 1657 2711 udaeo

146 2737 179 2781 p
205 2726 274 2768 21.
341 2726 583 2785 Ubicunque
613 2734 659 2770 tu
686 2726 849 2770 invenis
860 2727 1027 2783 lignum
1050 2726 1157 2770 utile
1176 2729 1210 2769 ἐν
1236 2731 1289 2783 τῇ
1309 2735 1475 2782 παλαιᾷ,
1495 2740 1657 2770 cmcem
1687 2767 1690 2770 .

148 2783 302 2827 exinde
318 2784 511 2843 formare
530 2784 664 2844 cupis.
725 2784 989 2828 Scnomm.

150 2897 209 2976 21¹:
217 2900 378 2979 msa,
403 2900 439 2938 in
450 2900 470 2938 ὁ
484 2900 617 2943 παλαιὰ,
637 2902 731 2937 Vetus
751 2898 1012 2942 Testamentum,
1021 2901 1112 2946 apud
1125 2899 1418 2945 Theophylactum
1429 2901 1473 2935 od
1485 2900 1595 2935 Galat.
1610 2898 1658 2941 iv.¹
