1838 3164
190 148 252 213 v72
610 151 926 192 PLEONASMI
954 149 1275 190 VERBORUM.

197 267 384 309 tentiam
423 268 518 321 ejus
556 269 777 318 utcunque
810 276 1075 318 expressam.
1150 261 1360 304 Herodot.
1400 261 1464 302 iii.
1502 258 1597 301 156.
1626 260 1699 313 ’ἔφη

200 326 336 373 λέγων.
396 323 644 377 Sequuntur
672 325 771 376 ipsa
801 322 928 362 verba
955 321 1149 362 oratione
1179 324 1327 365 recta;
1357 320 1611 372 pariterque
1636 318 1698 359 ix.

199 379 243 423 2.
275 385 377 436 post
394 382 533 436 ’ἔφασαν
551 382 748 428 λέγοντεςε
782 379 856 419 vii.
876 376 946 418 46.
969 391 1024 420 ss.
1060 382 1206 419 autem
1236 378 1417 424 ἀμείβετο
1436 377 1571 423 λέγων.
1627 374 1701 416 Sic

201 442 247 480 et
285 438 419 494 Soph.
463 439 533 492 Aj.
570 436 669 478 767.
708 450 743 477 S.
790 441 820 460 “
845 437 915 488 ἐλᾷ
949 435 1022 489 ’γὰρ
1048 435 1174 476 ἀὐτὸν
1209 465 1218 475 .
1253 465 1262 474 .
1297 465 1307 474 .
1340 431 1514 473 ’Adeas
1546 432 1700 480 μῆνις,”

202 497 252 537 ὥς
277 497 350 549 ’ἔφη
380 498 526 545 λέγωνι
558 495 634 535 ubi
665 498 882 549 postrema
911 496 1028 534 recte
1058 492 1377 546 interprete1·iS‚
1401 494 1451 531 ut
1483 488 1613 540 dimits
1638 487 1705 530 his

202 551 310 610 ipsis
342 552 476 596 verbis
507 564 619 595 usus,
679 550 842 592 Eodem
875 550 1213 593 constructionis
1244 548 1370 589 modo
1400 551 1444 589 et
1477 545 1704 601 participii

204 624 332 710 svensu
355 607 796 709 ἔξᾏῗῑὶΧΙΗετοᾱοῐ.
820 608 881 648 ix.
904 605 973 647 67.
1002 611 1046 649 et
1066 607 1190 654 alibi,
1222 607 1267 648 ni
1298 606 1444 652 fallor,
1474 604 1546 658 ’ἔφη
1582 602 1704 646 εἴπας.

247 682 262 710 1
295 684 309 710 ¹.
331 681 354 710 e
592 698 602 708 .

753 770 1159 816 ΜΑΝΘΑΝΕΙΝ.

206 858 347 961 ΣὶῗὲΙ
353 859 596 959 1prarticipio
625 855 780 906 μαθὼν,
811 855 928 911 quod
959 856 1110 897 dicunt
1148 856 1348 910 παρέλκειν
1387 853 1475 896 vid.
1505 853 1563 895 ad
1603 849 1709 896 ΠΑ-

806 1022 1112 1065 MEAAEIN.

267 1107 403 1151 Prout
443 1107 739 1162 lexicographi
778 1107 1117 1161 significationes
1146 1107 1277 1160 hujiis
1317 1104 1439 1146 verbi
1482 1102 1715 1146 constitue-

208 1171 328 1213 runt,
355 1167 598 1220 pleonasmi
631 1165 819 1219 speciem
854 1165 898 1205 id
928 1165 1108 1219 praebet,
1138 1166 1215 1206 ubi
1241 1165 1442 1217 junctum
1473 1166 1539 1203 est
1566 1162 1715 1203 futuro

209 1224 420 1265 infinitivi
455 1223 637 1263 alterius
670 1222 809 1270 verbi,
847 1226 898 1263 ut
931 1225 1067 1270 μέλλει
1107 1222 1286 1266 ποιήσειν.
1363 1219 1556 1261 Primam
1599 1219 1716 1259 enim

212 1279 335 1333 (fort.
368 1279 474 1332 quia
492 1279 601 1334 ipsis
631 1279 801 1320 videtur
819 1280 1126 1336 usitatissima)
1155 1280 1248 1322 fere
1268 1282 1438 1333 ponunt
1458 1276 1717 1331 simpliciter

196 1336 403 1395 futurum
447 1349 565 1384 (ἕδεα
612 1336 727 1377 unde
760 1337 900 1390 inepti
939 1350 1043 1378 sane
1081 1337 1324 1391 pleonasmi
1364 1335 1620 1381 conflantur,
1665 1336 1716 1374 ut

207 1396 345 1443 μέλλει
385 1396 564 1443 amdam,
591 1391 775 1449 futurus
813 1399 873 1435 est
911 1393 1139 1436 auditurus
1175 1407 1273 1435 esse.
1332 1391 1421 1433 Cur
1451 1392 1604 1432 silvam
1640 1390 1715 1431 ob-

212 1452 508 1494 servationum
536 1454 580 1492 et
610 1451 802 1492 locorum
846 1454 1008 1492 temere
1052 1454 1356 1504 congestorum
1387 1451 1433 1490 in
1463 1447 1614 1502 lexicis
1643 1446 1715 1488 de-

212 1512 401 1563 ponunt,
444 1521 495 1549 ac
524 1508 669 1562 potius
699 1508 928 1560 abjiciunt,
961 1509 1087 1560 quasi
1118 1507 1337 1549 concaedes
1366 1506 1589 1560 quasdam,
1623 1504 1718 1556 qui-

213 1567 295 1608 bus
332 1570 379 1608 et
415 1566 505 1620 ipsi
541 1570 585 1606 et
615 1565 800 1606 studiosi
832 1565 1161 1618 impediantur?
1194 1563 1447 1618 Saepissime
1476 1575 1582 1602 sane
1611 1562 1721 1603 illud

214 1623 325 1665 verti
357 1626 498 1678 potest
515 1621 721 1679 futurum
758 1635 856 1672 esse,
888 1622 964 1662 sed
994 1622 1083 1669 ita,'
1105 1626 1155 1662 ut
1184 1622 1341 1662 vitium
1370 1632 1458 1661 non
1488 1618 1718 1660 sentiatur.

215 1679 340 1723 Ficta
361 1684 429 1721 est
451 1681 541 1721 haec
560 1680 838 1730 significatio,
869 1691 1011 1732 neque
1043 1692 1144 1720 cum
1171 1678 1258 1719 alio
1278 1678 1410 1718 verbo
1441 1677 1722 1730 conjunctum

218 1751 397 1793 prorsus
429 1737 669 1791 simplicem
699 1736 808 1776 illud
838 1735 946 1776 facit
975 1736 1250 1790 periphrasin
1270 1734 1421 1776 futuri.
1480 1731 1529 1774 Id
1554 1734 1650 1787 jam
1668 1746 1723 1775 ex

211 1809 271 1837 'eo
301 1798 402 1849 quis
433 1795 670 1841 existimet,
702 1793 816 1846 quod
845 1805 932 1834 non
962 1794 1190 1847 probabile
1220 1796 1303 1840 est,
1335 1792 1526 1839 Graecos,
1565 1794 1724 1844 praeter

216 1854 395 1895 verbum
426 1852 765 1905 substantivum,
796 1850 912 1891 haud
947 1851 1078 1892 dubie
1105 1851 1477 1903 antiquissimum,
1507 1861 1605 1890 cum
1636 1848 1725 1889 for-

218 1912 304 1952 mis
324 1915 587 1964 temporum‚
622 1908 843 1963 peculiare
873 1909 1052 1949 verbum
1082 1909 1238 1950 fecisse
1258 1909 1313 1949 ad
1331 1905 1659 1962 exprimendum
1681 1904 1725 1946 τὸ

215 1967 385 2019 ἔσεσθαι,
417 1968 547 2020 idque
577 1979 752 2008 ornasse
773 1965 925 2007 formis
945 1967 1141 2007 omnium
1170 1970 1417 2020 temporum
1449 1969 1493 2006 et
1522 1974 1727 2017 persona-

221 2039 335 2074 rum,
355 2024 538 2081 futurus
564 2038 670 2075 sum,
690 2023 873 2079 futurus
899 2037 1005 2071 eras,
1025 2022 1180 2080 futuri
1207 2030 1331 2065 erunt
1359 2027 1438 2064 etc.
1499 2020 1582 2062 Sed
1602 2020 1726 2073 quid-

166 2086 171 2090 ’
223 2083 290 2124 vis
312 2083 543 2124 defendere
561 2084 663 2123 licet
683 2082 885 2134 denique.
944 2080 1091 2122 Prima
1110 2084 1153 2122 et
1181 2081 1490 2134 antiquissima
1510 2078 1726 2133 significa-

223 2141 288 2182 tio
318 2141 489 2183 videtur
518 2141 654 2182 fuisse
685 2138 909 2195 quadrare,
942 2152 977 2179 s.
1019 2138 1252 2187 convenire,
1293 2138 1405 2191 quod
1436 2149 1513 2178 nos
1543 2136 1727 2178 dicimus

220 2211 387 2254 passeri,
418 2202 468 2240 ut
497 2202 670 2240 tantum
700 2197 754 2238 de
783 2197 908 2237 rebus
940 2197 985 2236 in
1016 2198 1162 2238 oculos
1206 2195 1522 2238 incurrentibus
1560 2193 1727 2234 dictum

227 2257 377 2304 suerit,
398 2260 455 2306 et,
476 2257 513 2297 si
534 2269 620 2309 qua
650 2267 754 2309 pars
787 2254 998 2295 machinae
1016 2267 1057 2294 V.
1079 2269 1112 2295 c.
1135 2255 1200 2295 vel
1221 2253 1414 2308 corporis
1433 2252 1730 2304 cujuscunque

220 2315 447 2361 deficeret,
477 2317 528 2355 ut
557 2314 646 2355 alia
667 2313 806 2354 locum
829 2324 1010 2352 vacuum
1041 2316 1145 2366 apte
1177 2313 1356 2366 explens
1389 2311 1605 2351 diceretur
1633 2306 1730 2356 μέλ-

228 2379 319 2411 λειν.
381 2370 499 2413 Hinc
525 2375 629 2412 nata
658 2374 726 2412 est
751 2369 1038 2411 usitatissima
1069 2369 1187 2423 apud
1219 2382 1370 2410 omnes
1401 2368 1642 2420 scriptores,
1670 2378 1714 2407 se

223 2427 322 2485 qui,
353 2441 601 2485 consequens
621 2429 711 2469 sive
731 2432 1052 2470 consentaneum
1070 2440 1171 2468 esse.
1246 2425 1457 2468 Similiter
1478 2409 1587 2480 &¹272
1615 2422 1732 2476 quod

225 2500 432 2558 explendi
460 2503 681 2544 notionem
703 2503 835 2543 habet
855 2502 943 2542 vim
973 2499 1178 2557 sequendi
1200 2501 1381 2556 accepit.
1415 2500 1471 2543 V.
1502 2500 1733 2543 Michaelis

224 2559 457 2614 Supplem.
494 2560 549 2600 ad
578 2560 682 2601 Lex.
723 2559 860 2601 Hebr.
900 2573 946 2614 p.
986 2557 1108 2600 1504.
1183 2558 1336 2612 Itaque
1365 2556 1501 2601 subiit
1527 2560 1608 2600 hoc
1637 2565 1731 2599 ver-

198 2617 336 2657 ¹bum
370 2630 397 2658 a
433 2617 708 2659 Phoenicibus
743 2618 988 2672 profectum
1019 2617 1244 2672 suspicari.
1316 2614 1375 2656 Τὸ
1409 2623 1732 2659 consentaneum

226 2688 316 2731 'esse
354 2676 556 2716 convenit
591 2676 943 2730 interpretationi
978 2676 1173 2716 omnium
1213 2676 1303 2716 fere
1338 2675 1728 2728 grammaticorum.

231 2730 475 2785 Hesychius
509 2733 649 2774 reddit
681 2734 827 2773 verbis
861 2734 1008 2776 ἐοικέναι
1037 2736 1080 2774 et
1112 2731 1334 2786 φαίνεσθαιε
1373 2735 1523 2773 auctor
1555 2729 1729 2783 Etymo-

230 2789 362 2841 logici
397 2791 551 2842 ὀφείλειν
582 2794 626 2830 et
659 2789 824 2844 πξέπειν.
884 2789 978 2831 Nec
1008 2790 1212 2831 dissentit
1242 2789 1388 2831 Schol.
1406 2789 1476 2830 'ad
1507 2787 1658 2839 odyss.
1681 2786 1730 2827 Σ.

237 2845 330 2888 137.
361 2846 536 2895 ἐ’μελλον·
569 2848 705 2902 ἐῴκειν,
743 2848 991 2902 ἐνομιζόμηνέ
1029 2851 1074 2888 et
1099 2846 1153 2888 ad
1175 2847 1376 2900 Sophocl.
1406 2845 1477 2899 Aj.
1498 2843 1596 2887 937.
1614 2845 1730 2892 ’ἐμελ-

230 2913 295 2945 λες
330 2906 461 2950 ἶακῶς,
496 2904 617 2959 ἐῴκεις
649 2903 723 2959 ἄρα
747 2903 810 2944 καὶ
842 2904 954 2947 δῆλος
983 2902 1039 2947 ἧς.
1100 2903 1252 2958 Itaque
1281 2903 1471 2957 Thucyd.
1499 2903 1558 2944 iv.
1589 2901 1631 2943 4.
1667 2901 1731 2942 τὸν

229 2961 358 3006 πηλὸν
380 2960 441 3003 ἐπὶ
461 2966 528 3005 τοῦ
554 2960 659 3003 νότου
678 2962 816 3017 ἔφερον,
839 2963 1098 3014 ἐγκεκυφότες
1125 2978 1185 3012 τε,
1217 2964 1265 3004 ὣς
1285 2962 1467 3010 μψίλισίἰιιμ
1489 2962 1624 3009 μέλλει
1653 2964 1731 3001 ἔτι,
