1838 3164
178 92 235 135 28
508 102 829 143 PLEONAsm
859 99 1382 150 SUBSTANTIVORUM‘,

182 225 270 254 non
291 213 441 257 sinunt
472 215 527 258 de
556 217 770 271 temporis
791 217 935 271 spatio
968 219 1013 258 et
1049 217 1285 258 relatione:
1316 214 1393 256 sed
1426 215 1593 260 tamen,
1624 209 1699 255 ad-

176 271 304 323 jecto!
332 273 411 314 tali
454 275 645 316 nominis
678 275 948 330 pleonasmo,
989 275 1149 316 clarior
1184 273 1395 326 temporis
1434 270 1707 325 significatio

181 340 268 370 non
307 330 525 385 displicet.
587 332 691 374 Alia
729 333 886 374 similis
925 332 1077 373 formae
1114 332 1169 372 ad
1208 331 1460 372 institutum
1503 330 1697 370 nostr-um

182 398 272 428 non
293 390 516 441 pertinent
536 403 547 435 ς
579 395 630 431 ut
654 390 861 444 Sophocl.
883 388 957 442 Aj.
979 388 1079 430 386.
1110 393 1188 442 οὐχ
1210 391 1312 443 δρᾷς,
1328 388 1370 428 ἵν’
1394 384 1431 427 εἶ’
1446 390 1579 431 κακοῦ.
1612 390 1700 427 non

180 441 317 492 vide&
349 444 428 487 ubi
455 446 564 489 mali
591 447 655 502 (h.
692 462 731 489 e.
774 460 859 504 qua
890 445 938 488 in
968 445 1160 502 miseria)
1194 445 1283 488 sis?
1313 458 1409 501 quae
1438 447 1614 486 tantum
1633 445 1702 485 est

181 502 360 555 elegans
399 507 682 554 constructio,
732 506 806 546 sed
845 505 941 545 sine
968 505 1208 558 pleonasmi
1243 503 1509 558 suspicione.
1581 500 1701 543 Huic

180 559 347 601 similia
384 566 487 604 sunt
517 561 648 605 Hom.
688 563 770 604 Od.
810 560 860 603 Γ.
903 560 966 604 17.
1002 559 1087 603 ἰθὺς
1118 561 1328 617 Νέστορος.
1389 559 1602 602 Herodot.
1636 559 1700 600 ix.

181 615 253 658 89.
286 615 352 659 ἰθὺ
386 622 458 664 τῆς
494 619 686 676 Θρηῗκης.
719 619 949 673 Aristoph.
993 618 1093 660 Pac.
1128 619 1228 661 300.
1271 617 1365 661 εὐθὺ
1398 620 1470 663 τῆς
1503 617 1707 672 awa-mpla.

179 673 366 718 Luclani
388 677 566 732 Nigrin.
602 677 645 735 ξ.
669 678 711 720 2.
735 676 829 719 εὐθὺ
850 680 922 721 τῆς
941 678 1108 718 πόλεως.
1166 675 1217 718 In
1239 677 1309 718 his
1331 675 1424 718 εὐθὺ
1444 679 1510 718 est
1530 674 1635 716 κατὰ
1655 672 1701 715 ‘rb

181 731 292 783 εὐθὺ,
315 735 409 776 scil.
437 739 549 791 μέρος
567 740 638 780 τῆς
660 735 755 777 ὁδοῦ.
818 735 1053 776 Genitivus
1075 739 1224 776 autem
1245 735 1425 776 omnino
1446 734 1627 788 ponitur
1647 731 1704 773 ad

182 791 517 843 significandam
538 795 672 841 viam,
702 806 801 846 quae
830 794 952 834 ducit
971 793 1024 833 ad
1048 793 1211 839 locum,
1240 796 1290 834 ut
1309 791 1522 845 Francog.
1554 790 1593 832 Ze
1612 789 1703 832 elze-

180 847 275 890 mz'n
294 848 347 891 de
371 850 416 893 la
434 850 549 892 ville.
610 849 799 892 Fallitur
826 850 983 892 Lamb.
1021 848 1108 891 Bos
1151 851 1228 892 sub
1265 852 1329 898 εἰς,
1360 850 1438 902 qui
1474 850 1568 902 regi
1605 848 1702 889 vult

179 908 426 959 genitivum
447 909 503 949 ab
529 910 581 950 εἷς
600 910 713 950 τόπον
745 913 823 951 aut
855 908 1070 962 ejusmodi
1101 908 1264 962 ellipsi.
1325 906 1407 963 III)
1437 906 1542 948 Post
1569 905 1595 950 ἦ
1612 904 1646 945 δ’
1666 903 1705 945 ὃς

179 963 244 1017 (h.
268 979 307 1006 e.
329 967 401 1018 ’ἔφη
422 966 550 1021 οὗτος)
570 967 735 1021 passim
770 979 929 1008 nomen
951 967 1111 1020 ipsum,
1144 965 1263 1019 quod
1277 966 1372 1018 jam
1392 966 1549 1006 ultimo
1570 962 1704 1005 verbo

181 1021 220 1062 ὃς
250 1023 548 1074 significatum
581 1029 665 1075 est,
695 1037 778 1078 per
816 1026 1121 1079 pleonasmum
1161 1024 1358 1078 ponitur.
1418 1021 1531 1064 Plat.
1562 1019 1616 1074 (Ι.
1647 1019 1702 1061 de

179 1076 315 1135 Rep.)
342 1081 424 1122 vol.
454 1082 514 1122 vi.
551 1095 597 1136 p.
640 1080 731 1123 147.
765 1081 790 1127 ἦ
825 1083 859 1122 δ’
897 1082 970 1123 8ςὸ
994 1080 1210 1123 Γλαύκωνε
1245 1085 1290 1123 et
1310 1082 1423 1122 idem
1443 1081 1473 1122 1.
1496 1081 1563 1121 iii.
1595 1082 1705 1121 extr.

178 1138 265 1179 vol.
288 1139 350 1179 iii.
372 1152 416 1192 p.
437 1137 509 1180 34.
531 1138 556 1183 ἶ)
578 1139 611 1179 δ’
635 1139 673 1181 ὃς
700 1142 718 1180 ὁ
741 1138 992 1185 Κτήσιππος.
1052 1138 1174 1181 Idem
1196 1140 1244 1181 fit
1262 1143 1362 1194 post
1384 1139 1502 1190 ὃμὲν,
1520 1140 1538 1178 ὃ
1562 1136 1600 1178 δὲ
1620 1141 1704 1178 etc.

178 1192 340 1237 AElian.
362 1195 417 1238 V.
441 1195 502 1238 H.
525 1197 556 1238 i.
576 1196 648 1239 30.
676 1196 738 1238 ‘O
758 1199 827 1245 μὲν
846 1199 1000 1246 ἵππευε,
1037 1231 1046 1240 .
1073 1230 1082 1238 .
1106 1230 1115 1239 .
1138 1198 1183 1238 τὸ
1209 1199 1409 1253 μειράκιον.
1432 1197 1477 1237 ii.
1501 1195 1573 1237 40.
1597 1196 1614 1234 ὁ
1635 1195 1706 1242 μὲν

180 1254 252 1297 τῆς
272 1256 396 1298 ἀλκῆς
417 1253 711 1296 ἐπιλανθάνεται
734 1258 751 1295 ὃ
774 1258 927 1310 ἐλέφας.
960 1257 1026 1297 iii.
1048 1255 1121 1297 32.
1146 1258 1163 1296 ὁ
1186 1254 1224 1297 δὲ
1246 1254 1522 1304 α”γαναίιτῆσας
1542 1251 1706 1308 ‹S‘Hpa-

179 1312 289 1353 κλῆς.
323 1311 511 1354 Pausan.
546 1314 614 1354 iii.
637 1313 681 1361 4,
703 1311 746 1353 4.
779 1314 805 1356 ’ἦ
840 1314 879 1355 δέ
901 1323 1017 1363 σφισιν
1047 1315 1209 1368 ’ἔχρησεν
1239 1314 1264 1356 ἦ
1285 1314 1514 1367 πρόμαντις.
1575 1309 1708 1351 Ridet

179 1366 225 1407 τὸ
246 1366 271 1411 ἦ
289 1369 324 1408 δ’
346 1368 383 1411 ὃς
417 1368 637 1412 Lucianus
673 1372 718 1412 in
754 1369 1011 1426 Lexiphane
1030 1385 1068 1412 c.
1089 1370 1160 1412 21.
1185 1374 1235 1411 ut
1255 1370 1460 1423 putidum
1482 1373 1528 1410 et
1558 1369 1707 1421 ingra-

178 1428 301 1473 tum;
334 1428 426 1475 sed,
448 1432 498 1469 ut
521 1430 696 1482 opinor,
736 1430 1023 1482 conjunctum
1058 1441 1158 1469 cum
1195 1429 1297 1469 aliis
1331 1440 1466 1479 quam
1500 1426 1707 1481 plurimis

180 1483 419 1526 insolenter
453 1485 600 1538 dictis,
630 1490 675 1528 et
715 1487 847 1529 nimis
883 1487 1233 1540 frequentatum.
1294 1484 1411 1525 Nam
1449 1488 1494 1525 et
1533 1484 1629 1537 ipse
1658 1483 1707 1525 in

181 1538 398 1592 Convivio
423 1557 458 1584 c.
494 1542 536 1585 9.
571 1548 618 1586 et
654 1543 727 1586 32.
762 1545 819 1585 iis
852 1546 1010 1586 utitur.
1072 1541 1281 1585 Ceterum
1317 1542 1443 1583 docet
1469 1541 1544 1583 ille
1573 1541 1736 1593 locus,v

177 1611 270 1641 non
305 1601 551 1654 glossarum
589 1602 769 1643 nomine
797 1601 1050 1643 damnanda
1084 1613 1179 1642 esse
1211 1601 1322 1641 talia
1359 1599 1710 1652 nomina:'quo-

178 1669 275 1698 rum
297 1671 403 1700 usus
428 1660 739 1714 perspicuitati
762 1659 1002 1700 inserviens
1024 1659 1091 1699 ita
1111 1658 1249 1700 fuisse
1270 1658 1503 1708 mitigatus
1535 1656 1709 1699 videtur

178 1717 514 1765 consuetudine,
546 1721 597 1759 ut
625 1718 697 1769 ’ἔφη
719 1717 766 1757 in
799 1716 946 1757 media
974 1716 1200 1757 sententia
1231 1718 1334 1769 post
1355 1711 1436 1755 εἷπε
1456 1717 1502 1756 et
1531 1714 1622 1765 albia
1641 1712 1709 1756 di-

178 1772 308 1815 cendi
324 1775 474 1816 verba.
535 1773 617 1830 IV)
647 1773 743 1816 Nec
775 1773 1111 1827 praetereundus
1149 1776 1217 1814 est
1251 1773 1532 1827 pleonasmus
1567 1773 1708 1814 nomi-

179 1843 299 1883 num,
329 1838 519 1885 qu'orum
539 1834 607 1874 vis
621 1833 718 1885 jam
738 1832 852 1873 inest
873 1832 920 1872 in
941 1830 1220 1873 antecedenti
1250 1831 1339 1872 alio
1358 1830 1537 1871 nomine
1562 1830 1711 1883 priva-

177 1889 345 1930 tionem
385 1903 698 1944 quamcunque
732 1889 808 1930 sed
842 1890 1035 1931 maxime
1067 1889 1307 1931 orbitatem
1337 1887 1627 1940 significante,
1655 1891 1709 1930 ut

179 1945 298 1987 ἅπαις
316 1946 471 2002 ἆρῤένων
491 1947 671 1996 ωαίδων;
702 1945 909 2001 Xenoph.
948 1945 1052 2000 Cyri
1091 1946 1214 1988 Disc.
1253 1947 1310 1987 iv.
1351 1944 1394 1994 6,
1426 1944 1469 1986 2.
1502 1943 1651 1985 παίδων
1672 1947 1709 1986 τ’

180 2001 348 2045 ἄπαιδας
382 2009 502 2060 γραῦς
534 2004 697 2052 ἔθηκας,
730 2003 885 2060 Eurip.
907 2003 1214 2047 Andromache
1247 2002 1349 2045 613.
1410 2002 1584 2044 Similia
1605 2005 1712 2044 sunt

179 2060 388 2114 ἅψόφητος
428 2064 668 2111 κωκυμάτων
713 2062 825 2117 (Sine
857 2061 1094 2115 lamentis‚)
1133 2061 1289 2103 ἄσκευος
1328 2060 1510 2110 ἀσπίδων,
1539 2064 1584 2101 et
1613 2072 1712 2113 quae

179 2119 324 2172 magis
360 2122 538 2174 poetica
557 2125 662 2163 sunt
683 2118 836 2175 Eurip.
867 2119 1086 2162 Phoeniss.
1118 2119 1219 2162 359.
1253 2134 1289 2163 s.
1321 2123 1366 2160 et
1392 2122 1498 2160 ante
1524 2116 1626 2160 336.
1654 2118 1712 2159 ad

179 2189 310 2229 quem
343 2178 488 2220 locum
519 2179 725 2234 pluribus
761 2177 1057 2220 Valkenarius
1087 2180 1142 2219 de
1178 2178 1261 2220 hac
1296 2176 1505 2231 loquendi
1538 2175 1710 2217 ratione

179 2233 390 2288 disputat.
448 2235 575 2279 Talia
604 2236 842 2278 necessitas
871 2237 1015 2291 prima
1049 2236 1248 2285 induxit‚·
1270 2248 1378 2276 usus
1408 2237 1565 2289 postea
1593 2244 1711 2275 com-

176 2292 422 2335 mendavit.
483 2294 556 2337 Sic
584 2295 881 2348 judicavimus
920 2293 1039 2348 Isag.
1067 2292 1215 2350 §.15.
1248 2294 1362 2334 med.
1420 2290 1479 2347 V)
1509 2289 1713 2332 Nomini-

180 2349 262 2390 bus
281 2363 428 2392 rerum
449 2353 724 2405 quarundam
745 2353 1016 2395 naturalium
1047 2351 1257 2406 propriis,
1289 2354 1333 2392 et
1365 2351 1483 2391 notis
1514 2349 1712 2402 quidem,

128 2423 130 2426 ’
180 2407 485 2461 adjunguntur
521 2411 745 2452 interdum
778 2410 1074 2465 appellativa;
1107 2408 1241 2457 ἄνεμον
1276 2409 1469 2449 maxime
1498 2406 1612 2459 dico,
1634 2406 1712 2448 sed

179 2466 316 2507 etiam
354 2466 549 2519 ποταμὸν,
570 2469 708 2516 λίμνην
743 2471 787 2509 et
823 2467 914 2524 ὅξος.
976 2466 1190 2508 Herodot.
1223 2466 1280 2527 iv?
1302 2464 1373 2508 99.
1405 2463 1605 2519 δ”Ῑσ-τρος
1626 2495 1636 2505 .
1665 2495 1676 2504 .
1700 2492 1713 2503 .

180 2522 274 2578 πρὸς
306 2521 425 2579 Εὗρον
459 2523 593 2573 ἄνεμον
635 2525 679 2566 τὸ
716 2527 844 2574 στόμα
879 2527 1169 2580 τετραμμένοςζ
1201 2528 1246 2566 et
1279 2524 1429 2578 paullo
1455 2525 1575 2576 post,
1604 2522 1710 2563 ’νότον

182 2578 335 2629 ἄνεμον,
359 2585 404 2623 et
421 2598 488 2638 πρ.
511 2585 738 2626 ἀπηλιώτην
759 2586 798 2623 ci.
861 2583 984 2625 Adde
1003 2598 1042 2626 c.
1064 2581 1136 2623 49.
1161 2586 1204 2624 et
1223 2581 1319 2624 116.
1352 2585 1397 2623 et
1417 2579 1569 2635 Eurip.
1588 2577 1710 2632 Cycl.

186 2636 253 2679 19.
314 2636 366 2680 In
406 2640 474 2681 his
501 2643 641 2689 ἀνέμου
661 2641 845 2682 verbum
869 2642 1063 2697 παρέλκων
1098 2640 1288 2682 fortasse
1320 2640 1425 2681 olim
1461 2636 1710 2680 necessario

181 2695 382 2738 additum
401 2698 507 2746 fuit,
538 2712 637 2741 cum
670 2699 852 2753 propria
874 2699 1066 2740 nondum
1088 2700 1234 2739 essent
1254 2699 1385 2752 plane
1415 2695 1675 2750 pervulgata
1693 2706 1707 2741 ;

181 2757 284 2808 post
317 2759 467 2796 autem
501 2760 722 2798 servatum
768 2757 1083 2798 consuetudine
1123 2755 1346 2809 loquendi.
1422 2751 1626 2794 Fortasse
1664 2752 1711 2794 et

180 2812 419 2854 lectoribus
474 2815 620 2854 minus
670 2814 809 2856 doctis
858 2816 1043 2869 scriptor
1089 2813 1328 2866 gratificari
1372 2811 1528 2853 voluit.
1589 2807 1710 2856 Nam

179 2870 377 2924 physicis
414 2874 459 2923 et
488 2872 635 2914 nautis
667 2872 745 2914 illa
781 2873 956 2914 notiora
985 2876 1128 2918 erant,
1156 2883 1292 2926 quam
1327 2868 1498 2911 ceteris.
1559 2865 1709 2920 Vulgo

180 2929 316 2984 enim,
349 2933 508 2986 praeter
541 2928 571 2973 4
604 2931 761 2986 plagas
792 2930 908 2990 coeli,
938 2930 1139 2976 homines
1168 2942 1256 2978 non
1285 2927 1476 2983 multum
1493 2925 1710 2988 curabant
