1838 3164
214 147 267 190 76
623 150 938 192 PLEONASMI
966 151 1291 192 VERBORUM.

216 263 364 311 fleant,
384 262 722 316 vertendumque
744 276 837 305 esse
861 263 1028 312 dicunt,
1052 264 1174 320 jure,
1204 265 1370 313 merito,
1405 266 1546 308 aliove
1565 259 1715 302 adver·

215 320 320 366 bio;
353 325 396 361 et
414 322 620 374 quoniam
642 320 837 363 Dorville
858 322 912 361 ad
941 320 1069 362 Char.
1090 336 1135 377 p.
1167 322 1265 364 297.
1296 323 1384 378 (ed.
1407 322 1548 378 Lips.)
1574 323 1715 360 osten-

216 377 298 424 dit,
319 378 429 419 talia
448 391 559 431 saepe
580 379 636 419 ab
668 379 982 431 interpretibus
1001 392 1088 421 non
1107 381 1326 422 intellecta
1345 394 1455 427 esse,
1488 376 1627 422 visum
1648 379 1714 416 est

164 439 169 444 ’
217 435 271 475 de
292 447 343 475 eo
372 436 635 476 mentionem
657 436 814 478 facere.
875 434 992 476 Nam
1013 449 1090 490 per
1120 451 1166 478 se
1187 439 1242 478 ad
1274 451 1354 480 nos
1374 438 1483 479 nihil
1504 433 1712 492 pertinet.

217 491 318 534 Non
349 494 463 533 enim
481 493 758 546 pleonasmus
788 496 868 540 est,
888 493 962 533 sed
981 496 1240 547 exquisitior
1260 500 1336 537 aut
1357 494 1519 536 Graecis
1536 490 1716 549 propria

216 549 332 590 ratio
362 550 567 602 loquendi
588 563 686 591 eum
720 551 868 603 aliqua
888 550 1048 603 ellipsi.
1107 551 1254 594 Lat-ini
1276 566 1378 594 sane
1399 554 1490 594 solo
1510 547 1715 594 adverbio

218 607 287 647 usi
326 607 478 648 dicunt
498 621 509 648 ε
553 607 760 649 commode
793 619 859 647 me
897 606 1103 649 monuisti
1118 625 1134 658 ,·
1178 623 1265 651 non
1306 608 1528 652 commode·
1545 603 1718 666 faciens

216 677 273 704 m.
293 677 349 705 m.
410 662 495 705 Sed
515 663 664 707 Graece
683 665 837 706 melius
868 664 933 705 ita
951 664 1070 706 dicas
1088 679 1097 706 ε
1131 668 1338 715 ἀνέμνησάς
1356 685 1406 716 με
1427 669 1555 707 καλῶς
1585 665 1716 705 ποιῶν.

217 718 332 762 Plat.
367 719 531 762 Theaet.
567 724 651 764 Vol.
689 722 737 762 ii.
774 735 815 775 p.
855 720 949 762 ῙΟΟ.
982 720 1068 763 τοὺς
1098 724 1299 766 ἀκούοντας
1320 756 1329 766 .
1352 756 1361 765 .
1383 721 1639 769 ,ἀναπείθειὴ
1674 720 1717 758 οὗ

198 782 346 819 ’καλῶς
382 782 512 820 ποιῶν.
592 779 866 820 Succurritur
899 779 1105 821 brevitati
1139 783 1363 835 participii
1403 775 1719 823 subintellectis

218 836 362 879 verbis
382 835 486 877 κατὰ
506 840 634 885 τοῦτο,
664 850 759 889 quae
781 835 1048 877 Heliodorus
1068 837 1124 878 vi.
1147 837 1188 879 5.
1216 839 1351 890 addit,
1379 851 1477 880 cum
1506 838 1613 879 dicit
1635 866 1645 876 .
1670 864 1680 874 .
1705 862 1714 871 .

216 897 346 934 καλῶς
362 894 466 934 κατὰ
501 898 613 935 τοῦτο
639 898 818 936 ποιοῦσαε
851 897 912 942 et,
951 894 989 935 si
1008 892 1252 950 Xenophon
1273 895 1374 949 Cyri
1394 895 1510 937 Disc.
1530 896 1558 935 i.
1580 893 1624 942 4,
1650 890 1716 934 13.

217 951 400 991 dixisset
429 953 621 1006 προεῖπες,
651 953 737 1004 ἔφη,
771 954 900 992 καλῶς
937 956 1064 1001 ποιῶν,
1108 953 1252 994 verbis
1292 954 1372 995 hoe
1411 953 1515 999 illis,
1555 950 1715 1004 quibus

217 1008 312 1062 ipse
331 1021 434 1048 usus
462 1013 543 1056 est,
576 1010 794 1064 explicare
826 1022 1063 1063 possemus.
1125 1010 1397 1052 Postremum
1427 1021 1596 1057 moneo,
1626 1014 1715 1048 non

217 1078 386 1123 semper
404 1065 449 1106 in
470 1066 553 1106 fine
571 1066 652 1108 hoe
671 1067 955 1121 participium
974 1081 1073 1108 cum
1089 1068 1294 1109 adverbio
1313 1068 1435 1123 poni,
1457 1067 1532 1108 sed
1551 1065 1719 1120 passim

217 1123 349 1163 etiam
369 1123 416 1163 in
437 1123 581 1164 media
599 1124 835 1173 sententia,
868 1128 917 1167 ut
943 1126 1146 1181 exempla
1175 1126 1407 1169 ostendunt
1432 1125 1488 1166 ab
1519 1122 1716 1177 HoogeV.

218 1179 274 1220 ad
294 1179 394 1233 vig.
416 1182 474 1222 vi.
490 1179 534 1229 4,
554 1180 594 1222 4.
615 1182 810 1224 collecta.

760 1270 1175 1314 ΣΥΜΒΑΙΝΕΙΝ.

274 1344 312 1386 Ε
343 1345 525 1401 propria
544 1346 673 1399 hujus
693 1346 815 1387 verbi
850 1347 1179 1398 significatione,
1203 1345 1418 1403 congredi,
1436 1360 1470 1387 s.
1502 1342 1718 1388 convenire

219 1401 269 1445 in
286 1417 416 1445 unum
450 1403 596 1454 locum,
616 1401 749 1456 (Xen.
776 1402 833 1445 H.
858 1404 938 1444 Gr.
961 1404 992 1444 i.
1016 1403 1060 1452 2,
1089 1403 1175 1459 17.)
1194 1405 1368 1445 ducitur
1387 1403 1645 1457 metaphora
1664 1401 1718 1442 de

219 1461 351 1502 rebus
382 1461 654 1508 inanimatis,
677 1473 920 1516 congruere,
953 1459 1212 1508 consentire;
1241 1465 1289 1502 ut
1319 1462 1366 1502 in
1396 1458 1719 1515 computatione

220 1518 274 1559 d'e
295 1530 571 1559 numerorum
592 1531 777 1565 summa,
799 1531 895 1570 quae
915 1531 938 1558 e
958 1516 1158 1572 pluribus
1180 1519 1372 1559 numeris
1393 1518 1602 1567 συμβαίνει,
1624 1529 1718 1558 con-

212 1574 366 1630 ficitur
383 1574 480 1630 (ita,
512 1581 563 1616 ut
598 1574 675 1616 hoc
706 1582 837 1617 totum
866 1574 1099 1617 consentiat
1129 1589 1220 1618 cum
1252 1575 1340 1616 illis
1366 1574 1595 1631 partibus.)
1650 1572 1719 1613 Ab

223 1633 305 1675 hoe
340 1635 384 1674 in
419 1633 611 1674 numeris
650 1645 731 1673 usu
765 1645 912 1673 rursus
942 1632 1119 1679 dicitur,
1152 1634 1421 1685 argumentis
1441 1630 1653 1685 expositis
1674 1632 1719 1671 et

220 1691 427 1732 collectis.
443 1703 484 1731 v.
504 1704 541 1731 c.
559 1688 675 1738 μηδὲν
697 1689 796 1729 ἄλλο
817 1689 878 1729 τὸν
894 1687 1086 1743 ἄνθρωπον
1106 1691 1334 1739 συμβαίνειν,
1352 1689 1376 1733 ἢ
1395 1689 1553 1743 ψυχὴν,
1573 1686 1720 1741 (Tatio-

221 1746 345 1789 nibus
374 1747 498 1804 quasi
519 1745 753 1802 subductis)
772 1745 885 1788 nihil
911 1745 1030 1788 aliud
1050 1745 1216 1800 confici,
1239 1759 1376 1803 quam,
1406 1753 1454 1789 ut
1473 1745 1642 1788 animus
1669 1743 1725 1787 sit

218 1804 354 1847 homo.
415 1802 485 1845 Cf.
507 1804 719 1846 Herodot.
742 1806 771 1845 i.
786 1803 857 1845 32.
1191 1814 1195 1818 ‘

279 1862 365 1903 Sed
396 1863 671 1917 pleonasmus
691 1862 811 1903 verbi
832 1863 1040 1903 statuitur
1057 1862 1282 1911 exsistere,
1310 1864 1348 1904 si
1377 1874 1475 1904 cum
1496 1862 1640 1915 aliquo
1658 1861 1722 1902 in-

221 1919 387 1961 finitivo
417 1921 705 1973 conjungitur.
767 1917 1015 1961 Herodotus
1050 1919 1096 1960 in
1118 1920 1207 1961 vita
1237 1920 1419 1962 Homeri
1448 1921 1519 1962 36.
1587 1919 1663 1961 Ἐκ
1682 1918 1721 1960 δὲ

222 1979 294 2021 τῆς
312 1976 503 2018 ἀσθενείας
522 1980 668 2020 ταύτης
698 1979 830 2025 συνέβη
851 1977 912 2018 τὸν
926 1975 1107 2032 ”Ομἠρον
1128 1981 1352 2023 τελευτῆσαι
1375 1977 1508 2035 ἐν”Ῑῳ.
1567 1977 1637 2020 Eoe
1651 1976 1725 2019 Ῐιοδ

222 2035 363 2077 morbo
386 2033 536 2081 evenit,
574 2034 681 2089 (non
713 2047 767 2075 ex
801 2036 905 2083 alia,
940 2048 1038 2088 quae
1073 2035 1297 2078 ferebatur
1330 2036 1481 2091 causa)
1512 2040 1559 2077 ut
1592 2034 1723 2077 Hom·

224 2096 310 2134 etc.
369 2090 479 2133 Plat.
502 2091 666 2146 Cratyl.
699 2093 784 2132 vol.
824 2093 885 2133 iii.
909 2107 954 2147 p.
982 2091 1083 2135 255.
1132 2095 1326 2143 συμβαίνει
1357 2093 1432 2142 οὖν,
1453 2091 1572 2149 ὀρθῶς
1591 2093 1725 2140 ὄνομά-

227 2147 359 2203 ζεσθαι
378 2151 509 2197 οὕτως,
540 2164 587 2191 eo
607 2148 671 2205 ig.
692 2149 869 2192 redeunt
889 2150 1022 2198 dicta,
1054 2164 1087 2192 s.
1110 2157 1346 2208 congruunt
1361 2150 1442 2199 ita,
1462 2157 1509 2193 ut
1525 2157 1634 2192 recte
1651 2163 1724 2205 ap-

218 2206 410 2262 pelletur.
469 2206 542 2249 Sic
560 2211 604 2248 et
634 2221 679 2261 p.
701 2206 799 2249 288.
831 2207 978 2262 Polyb.
1001 2209 1059 2248 ix.
1081 2207 1151 2249 23.
1202 2209 1287 2250 Διά
1316 2209 1359 2250 τὸ
1377 2209 1605 2264 προσφάτως
1623 2205 1727 2248 αὐτοὶ

224 2265 426 2313 γεγονέναι,
443 2267 580 2306 τελέως
601 2266 735 2320 ἐναργῆ
759 2268 953 2315 συμβαίνει
973 2265 1043 2308 τὴν
1071 2269 1200 2314 «γνῶσιν
1220 2269 1344 2307 αὐτῶν
1374 2267 1557 2320 ὑπάρχειν
1577 2280 1587 2306 :
1624 2261 1728 2320 quia

227 2320 307 2362 illa
343 2335 477 2378 nuper
483 2321 609 2377 facta
634 2327 746 2370 sunt,
768 2322 972 2379 sequitur,
1003 2327 1051 2363 ut
1070 2337 1121 2365 ea
1136 2324 1295 2365 recenti
1323 2321 1524 2365 memoria
1540 2320 1728 2378 vigeant,

228 2378 320 2420 sive
351 2385 398 2420 ut
424 2377 662 2420 hominibus
688 2379 820 2435 plane
838 2380 923 2423 sint
936 2387 1052 2422 nota.
1111 2379 1285 2422 Ocellus
1305 2380 1505 2422 Lucanus
1525 2380 1578 2421 de
1597 2379 1727 2420 Univ.

229 2449 266 2476 c.
288 2435 331 2477 4.
363 2436 484 2477 αὐτας
504 2437 575 2477 τοὶς
605 2436 791 2489 δυνάμεις,
821 2438 883 2479 καὶ
914 2438 966 2479 ταὶ
983 2437 1138 2492 ὅργανα,
1169 2438 1230 2478 καὶ
1261 2437 1494 2494 τοὶς“ὀρέξεις
1528 2437 1600 2481 τοὶς
1631 2435 1727 2491 ’πρὸς

230 2492 337 2547 (τὴν)
357 2492 457 2543 μίξιν
478 2493 550 2533 ὑπὸ
571 2498 638 2535 τοῦ
671 2493 761 2537 θεοῦ
783 2495 977 2543 δεδομένας
1006 2497 1083 2535 τοῖς
1116 2494 1339 2549 ἀνθρώποις,
1368 2501 1444 2549 οὐχ
1471 2494 1604 2538 ἦδονῆς
1624 2494 1728 2536 ἕνεκα

229 2548 399 2590 δεδόσθαι
419 2552 673 2599 συμβέβηκεν,
712 2551 818 2593 ἄλλα
837 2557 914 2594 etc.
951 2583 960 2593 .
984 2584 993 2594 .
1021 2582 1030 2591 .
1054 2551 1195 2594 omnia
1214 2552 1262 2594 in
1279 2567 1326 2594 eo
1346 2551 1627 2600 consentiunt,
1644 2563 1731 2593 non

222 2614 394 2664 propter
434 2607 693 2663 voluptatem
733 2609 836 2652 data
874 2625 972 2657 esse,
1009 2609 1083 2651 sed
1122 2614 1204 2652 etc.
1284 2609 1432 2657 Quid?
1482 2623 1582 2651 num
1624 2620 1727 2651 casu

228 2665 438 2719 abreptus
458 2672 522 2706 est
539 2667 662 2714 deus,
696 2672 746 2708 ut
765 2669 841 2709 illa
861 2669 1018 2708 daret?
1075 2666 1170 2708 Imo
1194 2667 1272 2708 hoe
1305 2668 1398 2709 vult
1418 2671 1583 2715 auctor,
1613 2664 1729 2720 quod

228 2722 538 2776 interpretatus
560 2736 670 2764 sum.
733 2723 803 2766 Cf.
826 2729 871 2766 et
890 2724 1052 2766 Zosim.
1076 2725 1134 2766 iv.
1175 2725 1240 2766 18.
1276 2730 1320 2767 et
1338 2726 1394 2766 vi.
1436 2725 1497 2766 13.
1517 2729 1562 2765 et
1594 2722 1729 2766 Palae-

228 2780 350 2833 phati
370 2793 407 2821 c.
429 2777 593 2821 ss.extr.
654 2779 925 2835 Intelligitur
957 2786 1101 2823 autem
1131 2795 1210 2837 per
1230 2796 1291 2830 se,
1329 2783 1375 2823 in
1405 2782 1600 2823 versione
1633 2794 1730 2833 quae

230 2837 406 2889 ingenio
434 2837 594 2889 linguae
620 2837 791 2880 Latinae
812 2841 1039 2880 convenire
1069 2840 1242 2888 debeat,
1276 2853 1362 2881 non
1383 2839 1549 2894 putide,
1587 2842 1638 2880 ut
1659 2839 1729 2879 hic

229 2894 430 2941 fecimus,
463 2898 506 2934 et
526 2895 727 2948 pluribus
758 2897 847 2937 vim
868 2897 987 2938 verbi
1016 2911 1108 2939 esse
1137 2897 1475 2952 exprimendam.
1535 2895 1620 2937 Sed
1642 2909 1733 2937 mo-

228 2963 330 2995 nere
350 2954 540 3007 oportet,
574 2952 655 2995 hac
675 2954 850 2997 dicendi
885 2955 1026 2998 forma
1045 2969 1124 3010 per
1158 2969 1203 2999 se
1224 2967 1309 2998 non
1330 2954 1499 2996 ostendi
1521 2967 1634 3003 casu,
1651 2955 1730 2997 ali-
