1838 3164
724 155 1047 188 :muoz-nona.
1556 141 1636 186 193

117 257 214 297 etc.
228 268 277 298 -v.
299 269 367 310 gr.
387 269 523 311 quum
539 255 700 298 dicitur
718 255 754 297 ἐν
782 257 920 311 ἀκαρεῖ
942 258 1012 297 τοῦ
1037 252 1194 309 χρόνου,
1222 265 1321 307 quae
1353 254 1518 298 locutio
1546 258 1633 301 fre·
1643 244 1716 295 ’ἰὴ

117 325 270 366 quens
300 313 508 365 luciano,
528 315 576 356 in
592 311 778 354 Timone
810 326 855 368 p.
878 311 948 355 61.
970 316 1017 353 et
1052 310 1282 366 Contemp.
1316 325 1362 368 p.
1383 312 1486 355 352.
1517 320 1562 357 et
1597 318 1634 358 ἐν

117 372 280 426 -βραχεῖ
292 376 362 415 τοῦ
378 373 531 428 χρόνον,
558 374 631 415 τῆς
663 370 834 426 ἡμέραι-ε
863 368 913 412 in
944 368 1104 425 exiguo
1123 368 1382 422 (momento)
1411 371 1634 426 temporis.-

126 425 179 469 in
211 426 610 484 breviflnvfielssa)
644 426 749 470 diei.
809 427 944 470 Plene
973 429 1010 468 ἐν
1047 430 1199 482 βραχεῖ
1225 428 1344 484 μορίῳ
1378 432 1451 473 τῆς
1488 430 1636 485 ἡμέρας

125 484 243 527 dixit
272 485 544 540 Thucydides
576 485 654 527 lib.
689 486 719 527 i.
790 485 1053 540 [Gregorius
1085 483 1187 526 Cor.
1215 497 1261 539 p.
1300 484 1366 527 13.
1399 488 1435 526 ἐν
1468 489 1633 543 βραχεῖ,

125 543 250 584 λείπει
270 544 353 598 γὰρ
371 548 500 600 καιρῷ,
527 542 555 588 ἦ
574 544 694 599 λόγῳ.
724 542 789 583 καὶ
809 543 855 584 τὸ
885 548 920 584 ἐν
939 545 1077 598 ἀκαρεῖ
1102 542 1142 583 δὲ
1170 547 1334 584 τοιοῦτον
1362 544 1458 584 ἐστι’.
1489 545 1567 586 ubi
1588 557 1632 586 v.

118 597 255 642 Koen.
312 598 471 642 Malim
489 605 638 643 autem
657 601 750 641 haec
766 613 847 655 pro
865 601 1026 642 dativis
1045 599 1242 642 neutrius
1260 601 1433 652 generis
1453 600 1635 651 habere,

123 657 183 698 ad
197 669 311 711 quos
327 657 460 711 plane
491 658 603 699 nihil
625 658 975 700 subaudiendum
1008 658 1084 699 sit.
1143 655 1365 699 Lucianus
1391 660 1432 699 t.
1454 659 1486 700 i.
1518 673 1565 714 p.
1586 659 1632 701 4.

115 715 177 754 -ὦς
189 715 226 754 ἐν
242 713 631 770 βραχεῖμάθῆσομαι
651 716 722 759 τῆν
737 718 891 769 τέχνην.
908 720 944 758 t.
966 715 1033 756 iii.
1054 728 1099 770 p.
1120 713 1221 756 338.
1237 718 1414 757 πλούσιος
1432 717 1469 757 ἐν
1487 719 1640 772 βραχεῖ’

116 771 301 818 ι-ἐᾳένεπ.
328 771 429 813 8οᾱ
447 773 553 814 ibid.
585 786 632 828 p.
648 772 750 815 336.
770 776 807 814 ἐν
834 777 986 828 βραχεῖ
1000 777 1083 819 est,
1111 779 1161 814 ut
1179 771 1338 828 paucis
1364 772 1633 829 complectar.

118 825 480 871 Sicetneutrum
515 831 698 884 pluralis
732 832 920 872 numeri.
980 830 1217 885 Alciphron
1256 831 1322 872 iii.
1359 844 1430 886 ep.
1468 830 1540 872 71.
1572 831 1635 874 διαὶ

121 887 303 939 βραχέων
330 886 612 942 ἀποπειραὸείς.
624 885 783 945 paucis
799 887 1084 944 ezperinwnto
1115 894 1252 944 capto.
1315 887 1637 942 (Masculinum

121 942 308 995 pluralis
337 944 418 986 hoc
450 958 578 987 sensu
616 947 815 987 cadentis
850 950 919 987 est
952 945 1217 988 Graecitatis.
1287 945 1478 988 Tzetzes
1513 945 1631 989 Chil.

122 999 203 1040 vii.
222 999 325 1042 401.
359 1001 521 1058 Φέρεται
540 1003 655 1050 λόγος
682 1005 725 1042 οὖ
744 1006 924 1050 πολλοῖς,
943 994 1127 1055 ’.γνώριμος
1154 1002 1195 1044 δὲ
1213 1005 1414 1056 βραχέσιν.
1474 1003 1636 1061 Perpe-

124 1069 222 1098 ram
239 1058 423 1100 vertitur
442 1059 549 1099 ibid.
571 1059 667 1100 viii.
690 1056 813 1113 863.)
842 1057 1071 1112 Sennium]

180 1114 210 1141 '¹‘
237 1113 307 1156 De
326 1116 549 1158 locutione
567 1115 721 1158 Attica
748 1116 938 1169 eleganti
955 1116 990 1155 ἐν
1020 1116 1156 1169 ἀκαρεῖ
1171 1115 1261 1155 vid.
1281 1116 1338 1157 cl.
1374 1114 1635 1161 VaJekenar.

123 1170 181 1213 ad
209 1171 414 1214 Ammon.
445 1187 492 1228 p.
533 1173 598 1214 18.
630 1186 693 1226 sq.
772 1172 1045 1214 Subauditur
1078 1173 1215 1213 etiam
1240 1172 1331 1214 haec
1363 1185 1448 1215 vox
1478 1177 1525 1216 in
1559 1178 1637 1225 ὀψὲ

115 1230 196 1272 ‘riis
214 1229 313 1284 ὥρας
343 1231 462 1284 apud
482 1229 745 1284 Dionysium
778 1228 884 1272 Hal.
905 1230 999 1271 viii.
1030 1242 1076 1283 p.
1115 1228 1216 1270 551.
1248 1230 1365 1282 quod
1402 1232 1533 1285 plene
1567 1234 1633 1275 di-

122 1298 241 1327 ceres
262 1288 298 1328 ἑν
324 1292 380 1343 τῷ
398 1288 475 1335 ὀψὲ
504 1287 581 1327 ’ὄντι
613 1289 732 1344 μορίῳ
765 1290 836 1330 τῆς
871 1287 983 1339 ὥρας.
1021 1299 1117 1327 Cum
1150 1300 1287 1327 serum
1316 1295 1421 1329 esset
1449 1288 1554 1331 diei.
1584 1295 1636 1334 ut

123 1343 292 1384 ἐλλιπῶς
321 1345 456 1386 etiam
476 1345 608 1386 habet
625 1345 778 1386 Livius
797 1344 876 1385 lib.
899 1344 947 1384 ii.
968 1357 1006 1385 c.
1029 1342 1073 1384 8.
1132 1342 1227 1385 Nec
1255 1345 1402 1386 minus
1421 1347 1469 1387 in
1498 1348 1635 1390 simili

122 1399 224 1442 huic
245 1399 407 1442 Matth.
427 1403 584 1443 xxviii.
612 1401 650 1443 1.
679 1399 798 1450 Ὀψὲ
818 1404 893 1441 τῶν
912 1400 1135 1448 σαββάτων.
1195 1400 1333 1454 [Pene
1363 1403 1635 1447 incredibilis

122 1456 195 1498 hic
213 1456 445 1513 Ellipsium
474 1460 653 1501 abusus.
711 1457 819 1500 Haec
850 1458 966 1499 enim
985 1459 1096 1499 satis
1129 1458 1298 1500 usitata
1331 1460 1528 1503 adverbii
1558 1464 1636 1512 ὀψὲ

119 1517 401 1565 constructio,
428 1517 486 1558 ad
518 1529 651 1570 quam
684 1517 797 1558 nihil
830 1517 964 1571 plane
996 1516 1347 1558 subaudiendum
1373 1522 1456 1560 est.
1517 1519 1637 1563 Alci-

121 1572 265 1625 phron
285 1575 316 1616 i.
336 1586 407 1629 ep.
431 1574 474 1616 3.
495 1576 572 1622 ὀψὲ
609 1577 678 1616 τοῦ
710 1578 853 1628 καιροῦ.
913 1573 1077 1625 Sicque
1098 1571 1330 1626 Berglerus
1362 1575 1431 1617 iii.
1467 1589 1539 1631 ep.
1560 1578 1633 1620 71.

118 1629 245 1672 edere
262 1631 462 1674 debebat.
492 1631 594 1674 Vid.
617 1631 881 1673 Valckenar.
911 1630 1149 1672 Animadv.
1184 1631 1240 1672 ad
1260 1632 1461 1674 Ammon.
1480 1647 1528 1688 p.
1560 1635 1635 1678 78.

121 1685 309 1731 Dorvill.
343 1690 401 1731 ad
434 1687 665 1732 Chariton.
694 1702 740 1745 p.
776 1687 872 1730 145.
915 1688 1142 1743 Senum]
1210 1687 1262 1731 In
1300 1690 1345 1730 τὸ
1381 1693 1637 1748 μεσαμβρινὸν

119 1746 240 1800 apud
255 1745 538 1789 Theocritum
573 1746 696 1800 Idyll.
720 1747 751 1787 i.
782 1760 870 1788 ver.
912 1746 977 1787 15.
1013 1747 1131 1801 plen.
1159 1746 1265 1787 κατά
1297 1746 1342 1787 τὸ
1378 1750 1634 1803 μεσαμβρινὸν

118 1803 772 1904 ’ἑόῑὲἲὲιᾌῗὲιῗῖῑῗέςᾈῗὲωέῗὲζοῖἒ
794 1801 1636 1914 fflssffggmslfflggffii{2322}ssssssss

118 1930 157 1958 e.
189 1931 232 1970 g.
264 1918 325 1967 τὸ,
345 1876 568 1966 συνδετιιιίὸν,
589 1919 835 1973 συγκριτικόν.
858 1962 862 1966 ,
896 1916 1123 1959 Particula
1151 1917 1438 1973 conjunctiva,
1470 1895 1639 1976 compa:

118 1974 275 2017 rativa.
334 1974 467 2017 Plene
481 1977 600 2030 apud
620 1977 879 2029 Dionysium
899 1974 1003 2016 Hal.
1025 1978 1060 2016 t.
1093 1976 1140 2015 ii.
1172 1987 1218 2028 p.
1255 1974 1346 2016 133.
1401 1975 1471 2018 Ἐν
1497 1977 1537 2019 δὲ
1556 1983 1638 2020 τοῖς

67 2063 72 2071 .
122 2032 344 2074 συνδετικοῖς
369 2033 432 2073 καὶ
467 2037 545 2074 τοῖς
562 2032 804 2088 προθετικοῖς
821 2034 976 2086 μορίοις.
1020 2030 1071 2071 in
1096 2031 1354 2087 copulativis
1371 2038 1414 2074 εἰ
1434 2035 1636 2090 proeposz‘-

120 2088 223 2131 tivis
252 2089 492 2146 particulis.
571 2089 623 2132 In
664 2090 960 2131 locutionibus
996 2088 1259 2142 quibusdam
1295 2091 1630 2146 philosophicis,

120 2160 159 2187 e.
191 2161 237 2200 g.
267 2147 312 2187 τὸ
328 2148 481 2201 ζωτικὸν
501 2151 572 2192 τῆς
591 2149 749 2201 ψυχῆς,
777 2147 822 2187 τὸ
841 2144 1079 2193 αἰσθητικὸν,
1110 2145 1156 2186 τὸ
1170 2147 1370 2194 κινητικὸν,
1392 2147 1438 2188 τὸ
1450 2151 1632 2198 νοητικὸν,

118 2205 165 2244 τὸ
185 2205 384 2260 ὀρεκτικὸν,
406 2204 451 2245 τὸ
485 2203 704 2260 θρεπτικὸν,
725 2204 822 2245 sub.
842 2204 981 2259 μόριον.
1012 2203 1101 2245 vid.
1151 2203 1395 2246 Salmasius
1427 2207 1484 2247 ad
1518 2206 1635 2248 Sim-

118 2262 304 2316 plicium
336 2266 382 2303 et
414 2261 663 2316 Epictetum
691 2276 736 2317 p.
776 2259 871 2304 193.
931 2259 983 2302 In
1013 2262 1155 2302 altera
1188 2262 1266 2302 illa
1295 2263 1632 2315 significatione,

118 2331 210 2372 qua
230 2320 425 2361 membra
442 2321 677 2373 significat,
698 2333 794 2373 quae
814 2331 895 2359 suo
915 2319 1093 2359 nomine
1121 2319 1266 2360 dicere
1284 2320 1444 2373 pudori
1460 2324 1529 2362 est
1554 2326 1635 2363 τοῖς

122 2378 278 2424 σεμνοτέ
299 2394 365 2424 οις,
381 2378 644 2419 subauditur
663 2378 708 2418 τὸ
727 2378 867 2431 μόριον,
889 2377 958 2416 vel
979 2377 1031 2416 τοὶ
1046 2377 1174 2432 μόρια.
1234 2374 1286 2417 In
1307 2376 1352 2416 τὸ
1373 2379 1444 2422 τῆς
1460 2379 1637 2426 ’γυναικὸς

122 2433 242 2487 apud
323 2435 545 2488 esychium
576 2436 624 2476 in
658 2448 698 2476 V.
736 2433 899 2475 Σινδικὸν
930 2432 1173 2486 διέσφαγμα.
1243 2432 1294 2474 In
1330 2434 1375 2474 τὸ
1412 2439 1633 2484 γυναικεῖον.

122 2489 256 2532 Plene
274 2493 415 2533 utitur
435 2490 637 2535 Clemens
659 2491 983 2534 Alexandrinus
1011 2503 1058 2546 p.
1089 2490 1161 2534 22.
1186 2489 1237 2533 B.
1269 2491 1428 2546 ἀνδρεῖον
1445 2495 1570 2550 μόριον
1589 2498 1635 2535 et

119 2552 335 2597 «γυναικεῖον.
366 2549 579 2592 SGHWRB.

601 2622 630 2649 ³¹²
659 2621 895 2674 ΜΟΡΦΗ,
921 2620 965 2664 F
962 2621 1151 2664 ORMA.

178 2695 230 2738 In
250 2697 531 2745 μεταβάλλειν,
552 2695 669 2750 quod
690 2695 885 2749 elliptice
915 2696 1112 2750 positum
1143 2695 1279 2737 habet
1297 2693 1456 2737 Sextus
1484 2692 1635 2750 Empi-

122 2755 240 2796 ricus
260 2755 337 2796 lib.
362 2756 394 2795 i.
416 2768 455 2795 c.
482 2753 548 2795 12.
570 2767 617 2808 p.
633 2751 737 2794 273.
767 2751 852 2793 Καὶ
870 2755 902 2794 οἱ
921 2754 993 2802 μὲν
1013 2752 1238 2802 Διομήδους
1259 2756 1396 2807 ἑταῖροι
1415 2754 1466 2793 εἷς
1485 2751 1637 2793 θαλασ-

122 2812 222 2853 σίους
253 2813 497 2860 μετέβαλλον
516 2810 625 2866 ὅρνις,
654 2812 673 2850 ὅ
694 2809 733 2851 δὲ
750 2808 984 2858 Ὀδυσσεὺς,
1016 2813 1068 2852 εἷς
1097 2810 1229 2858 ἵππον,
1258 2811 1284 2853 ἦ
1313 2809 1352 2850 δὲ
1378 2808 1641 2858 εΕκαὲβίι,’.εἲς

123 2871 232 2910 κύνα.
293 2867 430 2911 Plena
462 2869 629 2911 locutio
667 2870 735 2908 est
761 2870 1026 2916 μεταβάλλειν
1055 2867 1127 2910 τῆν
1162 2866 1312 2922 μορφὴν
1339 2868 1391 2908 εἷς
1424 2870 1507 2907 cet.
1567 2865 1641 2908 Sic

114 2926 220 2982 >ipse
238 2926 444 2977 laudatus
475 2927 606 2970 modo
626 2928 778 2969 auctor
797 2926 973 2983 supplet
990 2939 1027 2971 s.
1060 2924 1158 2970 167.
1209 2923 1281 2966 Εἲς
1299 2924 1414 2966 ἵππον
1443 2926 1643 2973 μετέβαλε

725 3003 728 3006 ,
1374 2999 1406 3032 0
1466 2998 1473 3001 .
