1838 3164
586 171 786 209 Emrsls
807 169 1015 208 ptumum
1038 171 1215 207 vocum.
1429 216 1434 218 .
1572 156 1658 202 505

144 289 241 319 me
259 279 316 333 τῷ
331 274 660 332 στόματιζκυρίονς
685 275 754 317 καὶ
769 275 889 328 {zaraa
917 273 1007 329 χεὶρ
1033 275 1160 330 κυρίου
1191 274 1249 328 ἐφ’
1269 273 1374 322 ὖμᾶς
1403 273 1469 315 καὶ
1500 273 1563 317 ἐπὶ
1595 274 1661 318 τδν

142 335 306 381 βασιλέα
332 335 452 383 ὑμῶν.
511 332 653 382 Quem
683 334 828 375 locum
857 333 1014 374 melius
1034 333 1359 380 intellexerunt,
1389 334 1436 373 et
1464 333 1655 376 distinx-

143 395 275 433 erunt
305 390 446 434 Graeci
474 389 756 445 Interpretes,
783 402 920 445 quam
961 388 1130 438 Latini,
1170 387 1319 443 Belgae
1346 389 1531 442 aliique,
1573 392 1653 445 qui

146 448 240 490 fere
260 449 354 492 sic:
385 447 438 492 Si
455 447 647 491 timentes
661 447 698 490 J
698 447 889 497 eliovam,
910 445 1124 490 colueritis
1142 460 1237 489 eum
1254 453 1296 489 et
1313 446 1661 491 auscultaveritis

144 505 263 548 vocis
280 506 390 563 ejus,
417 519 553 564 neque
569 504 876 549 rebellaveritis
898 503 1139 562 praestituto
1165 503 1363 548 Jehovoe:
1392 504 1547 561 utique
1558 519 1661 562 per-

145 562 374 607 manebitis
391 569 482 606 tum
506 577 595 615 vos,
627 570 717 607 tum
745 563 878 607 etiam
904 571 983 606 'rea‘
1010 561 1121 620 ipse,
1153 561 1227 620 qui
1242 568 1395 619 regnat
1421 575 1550 619 super
1567 577 1660 612 vos,

143 628 363 677 sequentes
378 619 589 664 Jelzovam
617 620 759 665 Deum
794 626 990 664 vestrum.
1051 619 1137 663 Sed
1160 619 1202 664 si
1220 634 1302 663 non
1319 620 1662 664 auscultaveritz‘s

145 677 241 720 voci
257 677 446 728 Jeliovae,
474 679 551 722 sed
568 678 875 722 rebellaveritis
897 678 1134 736 praestituto
1166 677 1364 721 Jehovae:
1392 677 1545 735 utique
1575 678 1661 721 erit

145 749 298 778 manus
328 735 505 780 Jehovae
532 743 676 780 contra
705 751 794 786 vos,
824 745 865 780 et
896 742 1042 780 eontra
1054 743 1203 793 patres
1220 742 1387 778 vestros.
1447 735 1535 778 Sed
1566 749 1659 779 rec-

144 794 234 852 tius
253 792 547 849 Septuaginta
567 795 833 850 Interpretes
853 796 935 838 hoc
971 795 1129 837 modo:
1161 793 1213 836 Si
1242 791 1473 837 timueritis
1505 792 1661 837 Domi-

141 863 261 899 num,
291 857 334 894 et
350 852 587 895 servieritis
618 852 719 910 ipsi,
748 861 790 896 et
819 851 1076 896 audiveritis
1109 866 1249 896 vocem
1275 853 1386 909 ejus,
1416 857 1459 893 et
1488 865 1576 894 non
1600 851 1662 894 ad

102 935 105 939 s
141 908 302 951 versati
309 907 498 967 fueritis
517 911 602 954 oms
619 911 727 967 ejus,
749 918 790 954 et
796 910 987 970 fueritis
1006 917 1096 953 tum
1108 925 1198 960 vos,
1221 917 1308 952 tum
1317 924 1392 954 rea·
1409 915 1561 958 vester,
1582 907 1662 966 qui

142 973 297 1022 regnat
314 981 443 1025 super
460 983 547 1021 vos,
579 969 846 1011 ambulantes
875 976 972 1025 post
989 968 1239 1018 Dominum,
1267 968 1397 1022 (bene
1427 981 1472 1009 se
1492 981 1562 1010 res
1582 967 1664 1009 ha-

144 1022 266 1076 bet:)
293 1023 364 1067 sin
392 1040 489 1069 vero
519 1026 661 1069 minus
690 1025 944 1070 audiveritis
974 1040 1115 1069 vocem
1145 1024 1338 1075 Domini,
1369 1033 1412 1069 et
1444 1023 1663 1068 adversati

133 1078 325 1138 fueritis
343 1083 411 1126 ori
429 1085 539 1141 ejus,
571 1083 654 1127 erit
673 1098 826 1128 manus
845 1083 1030 1127 Domini
1047 1084 1246 1128 adversus
1261 1097 1332 1127 vos
1350 1090 1394 1127 et
1409 1096 1553 1139 regem
1571 1097 1663 1126 ves-

150 1142 276 1182 trum.
337 1139 480 1185 Probe
499 1143 753 1185 intellexere
782 1143 1025 1185 doctissimi
1057 1141 1316 1199 Interpretes
1339 1142 1581 1196 ellipticam
1600 1143 1665 1183 lo-

146 1198 311 1251 quendi
331 1199 540 1249 formam,
570 1214 669 1255 quae
690 1202 736 1243 in
755 1201 916 1243 Aldina
934 1201 1163 1256 suppletur
1182 1202 1260 1243 hoc
1277 1199 1431 1242 modo:
1462 1202 1531 1240 οὐκ
1554 1199 1665 1240 ’ἔσται

146 1253 236 1309 χεὶρ
256 1257 384 1312 κυρίου
403 1259 460 1311 ἐφ’
478 1260 603 1306 ὑμᾶς.»
658 1258 743 1300 Sed
762 1260 869 1301 illud
889 1260 1242 1314 supplementum
1262 1271 1350 1300 non
1369 1260 1435 1299 est
1455 1257 1512 1298 ab
1526 1256 1664 1298 inter-

144 1313 344 1366 pretibus
367 1315 475 1369 ipsis
495 1316 759 1371 profectum.
820 1314 937 1358 Vera
956 1320 1001 1358 et
1022 1317 1216 1370 genuina
1245 1319 1313 1358 est
1340 1314 1516 1357 Codicis
1533 1311 1665 1357 Vati·
1724 1340 1727 1341 ν

144 1371 245 1411 cani
264 1372 410 1414 lectio.

202 1425 393 1471 Additur
422 1428 463 1471 εὖ
494 1430 580 1484 ’ἔχει
610 1431 731 1485 apud
761 1428 1118 1486 Theophrastum
1156 1430 1361 1473 Charact.
1392 1427 1536 1472 Ethic.
1566 1441 1667 1485 cap.

145 1484 231 1540 περὶ
249 1484 562 1541 Ἀναισχυντίας.
625 1487 711 1530 Καὶ
732 1489 794 1530 {ab
821 1489 891 1537 μὲν
920 1490 1049 1546 λα’βῃ,
1080 1487 1121 1530 εὖ
1148 1490 1246 1544 ἔχει’
1279 1490 1307 1530 εἶ
1337 1487 1376 1529 δὲ
1391 1487 1467 1539 wi),
1488 1487 1667 1542 ἁρπάσας

149 1542 227 1584 ἀπὸ
243 1546 316 1588 τῆς
334 1545 530 1601 τραπέζης
543 1549 730 1600 χολίκιον,
761 1546 848 1596 ἅμα
865 1553 989 1596 Ιγελῶν
1010 1545 1348 1590 ἀπαλλάττεσθαι.
1382 1543 1511 1592 Quod
1528 1543 1570 1586 Si
1587 1557 1666 1587 au-

138 1598 262 1657 ferre
281 1609 424 1666 queat,
456 1602 558 1645 bene
576 1617 621 1646 se
639 1603 763 1647 hahet
777 1620 790 1646 .·
818 1603 888 1647 sin
906 1618 1004 1648 vero
1023 1604 1178 1656 minus,
1207 1603 1351 1662 rapiet
1376 1617 1400 1644 e
1417 1615 1563 1645 mensa
1579 1596 1668 1644 ali·

151 1657 268 1714 quod
284 1659 554 1709 intestinum,
584 1667 625 1704 et
643 1675 739 1704 cum
757 1675 851 1704 risu
868 1661 1065 1705 discedet.

210 1714 285 1758 Sic
305 1715 482 1760 Marcus
502 1717 668 1772 Evang.
690 1721 753 1761 xi.
772 1719 846 1762 32.
874 1719 999 1761 Ἀλλ’
1033 1719 1097 1762 ἐὰν
1130 1717 1308 1766 εἴπωμεν·
1341 1715 1415 1768 Ἐξ
1440 1716 1665 1772 ἀνθρώπων·

151 1771 354 1826 ἐφοβοῦντο
374 1773 436 1816 τὸν
455 1778 563 1818 λαόν.
594 1775 681 1818 Sed
707 1776 748 1819 si
779 1775 1041 1820 dixerimus:
1069 1776 1140 1820 E-z·
1164 1772 1432 1817 hominibus.-
1460 1773 1668 1817 timebant

141 1830 368 1887 populum.
426 1831 519 1875 Ubi
540 1839 642 1889 post
660 1836 761 1877 illa:
794 1834 837 1884 ἐξ
865 1833 1087 1890 ἀνθρώπων,
1116 1833 1241 1875 deest
1257 1834 1498 1876 membrum
1516 1837 1669 1888 poste-

148 1888 262 1938 rius,
297 1891 393 1933 scil.
431 1895 560 1933 κακῶς
597 1891 682 1943 ἕξει,
722 1893 791 1933 vel
827 1892 867 1932 τί
901 1892 1102 1941 ’γενήσεται
1135 1892 1255 1938 ἦμῖν;
1284 1891 1352 1933 vel
1385 1891 1547 1932 simile.
1576 1890 1666 1932 nisi

147 1946 279 2044 {palis
298 1961 402 1990 cum
420 1947 541 1991 Beza
559 1949 631 1992 hic
648 1954 844 1993 statuere
862 1951 1098 1993 transitum
1122 1948 1335 1992 orationis
1353 1952 1482 1991 rectae
1510 1948 1560 1990 in
1588 1947 1668 1990 ob-

165 2015 317 2057 1quam
328 2012 361 2047 q.

126 2060 130 2063 ’
210 2062 236 2088 '⁸‘
256 2059 571 2107 Locutionibus
591 2063 961 2108 conditionalibus
978 2068 1110 2115 recte,
1130 2067 1302 2121 opinor,
1322 2063 1499 2106 εὖκτικαὶς
1517 2074 1546 2105 a
1564 2075 1670 2118 par-

149 2119 290 2162 ticula
310 2122 340 2161 εἰ
356 2121 618 2178 incipientes
631 2123 1007 2172 adnumerant,sic
1015 2128 1067 2166 ut
1082 2123 1348 2166 subaudiant
1361 2121 1492 2163 καλῶς
1507 2119 1551 2162 ἂν
1563 2122 1669 2175 ἐ’χω,

152 2182 233 2219 aut
270 2179 360 2221 alia
392 2181 524 2223 simili
567 2182 739 2223 ratione
774 2181 995 2224 defectum
1031 2183 1250 2236 expleant.
1290 2179 1345 2222 V.
1382 2178 1669 2233 Hoogeveen.

153 2233 306 2278 Doctr.
329 2236 489 2281 Partic.
525 2242 558 2281 t.
581 2240 611 2281 i.
643 2252 689 2294 p.
711 2237 812 2280 334.
845 2252 939 2293 sqq.
998 2236 1148 2293 Itaque
1180 2252 1269 2281 non
1301 2237 1491 2279 multum
1520 2237 1670 2285 mirer,

155 2294 298 2343 sicubi
320 2300 374 2351 τῷ
394 2299 553 2353 εὐκτικῷ
585 2298 615 2338 εἰ
641 2296 830 2338 addatur
855 2297 973 2340 socia
992 2298 1208 2352 particula
1228 2295 1271 2337 ἂν
1291 2309 1325 2337 s.
1347 2312 1404 2347 κε,
1434 2307 1536 2337 cum
1554 2295 1670 2335 satis

156 2355 343 2405 constet,
354 2353 626 2396 locutionum
640 2354 891 2408 hujusmodi
905 2355 1264 2397 conditionalium
1282 2353 1461 2405 utrique
1472 2352 1672 2394 membro

156 2406 201 2449 ἂν
221 2422 255 2450 s.
277 2427 318 2450 κε
333 2411 463 2464 jungi
482 2425 627 2467 posse,
663 2413 781 2467 quod
812 2414 965 2466 multis
998 2414 1210 2469 exemplis
1243 2411 1413 2454 ostendi
1442 2408 1668 2452 Meletem.

156 2463 267 2508 Crit'.
288 2467 319 2507 i.
339 2481 382 2522 p.
405 2468 477 2510 50.
500 2484 533 2512 s.
592 2470 662 2512 Ad
683 2472 800 2513 hunc
820 2471 998 2512 modum
1017 2469 1301 2513 Hermannus
1314 2481 1415 2511 cum
1429 2468 1530 2510 aliis
1545 2468 1671 2510 dedit

157 2523 205 2565 in
225 2522 407 2574 Homer.
431 2525 489 2568 H.
511 2529 557 2570 in
577 2527 724 2583 Apoll.
748 2542 836 2570 ver.
858 2528 928 2570 51.

330 2580 462 2632 Δῆλ’,
484 2587 513 2625 εἶ
533 2588 606 2642 ’γάρ
627 2586 664 2626 κ’
686 2584 830 2627 ἐθέλοις
849 2586 927 2628 ἕδος
944 2585 1106 2635 ’ἔμμεναι
1124 2584 1201 2627 υἷος
1220 2585 1335 2634 ἐμοῖο.

130 2637 271 2682 .Vere
304 2640 517 2683 fortasse:
552 2656 819 2697 quamquam
847 2657 935 2686 non
961 2644 1105 2686 ausim
1124 2644 1331 2687 assentiri
1354 2644 1449 2685 viro
1468 2639 1671 2684 doctissi-

155 2710 228 2739 mo
260 2698 378 2740 inter
410 2717 452 2740 κε
478 2705 524 2742 et
551 2699 594 2741 ἂν
613 2701 866 2754 discrimen·
884 2702 1150 2744 intercedere
1180 2702 1404 2744 statuenti.
1463 2699 1672 2742 Ceterum

154 2767 382 2809 perraram
414 2770 509 2799 esse
535 2762 645 2812 puto
664 2759 829 2801 talibus
861 2759 969 2802 locis
1000 2760 1178 2801 inarum
1209 2760 1529 2815 particularum
1544 2759 1671 2811 junc-

156 2813 337 2862 tionem,
379 2815 623 2869 vellemque
659 2814 940 2860 Hermannus
973 2821 1098 2861 certa
1127 2819 1224 2872 ejus
1253 2817 1452 2872 exempla
1485 2827 1672 2858 comme-

186 2943 223 2986 -q
243 2937 282 2969 Τι’
298 2938 400 2982 iptio-⁸5
421 2939 476 2971 vel
507 2939 540 2972 τί
568 2940 738 2981 wine-2⁴3
760 2942 883 2975 subau-
950 2942 1005 2974 νῖὂν
1027 2943 1080 2975 τοῦ
1102 2941 1256 2986 ἅνθρόςτου
1279 2941 1472 2980 &vasatum-a
1493 2939 1565 2973 ὅπου
1587 2938 1619 2976 ἦν
1640 2938 1676 2971 *ὃ

161 2981 250 3016 ditur
264 2981 364 3016 Joan.
378 2982 425 3016 vi.
452 2985 504 3017 69.
549 2985 617 3037 'liar
637 2983 683 3018 οὖν
696 2987 823 3031 &vein
836 2987 884 3018 τὸν
950 2987 1093 3035 ηὸτιςον.
1116 2987 1239 3022 MICH.
