<?xml version="1.0" encoding="UTF-8"?>
<!DOCTYPE html PUBLIC "-//W3C//DTD XHTML 1.0 Transitional//EN"
    "http://www.w3.org/TR/xhtml1/DTD/xhtml1-transitional.dtd">
<html xmlns="http://www.w3.org/1999/xhtml" xml:lang="en" lang="en">
 <head>
  <title>
</title>
<meta http-equiv="Content-Type" content="text/html;charset=utf-8" />
  <meta name='ocr-system' content='tesseract 3.04.00' />
  <meta name='ocr-capabilities' content='ocr_page ocr_carea ocr_par ocr_line ocrx_word'/>
</head>
<body>
  <div class='ocr_page' id='page_1' title='image "./ellipsesgraecaec00bosluoft_0655.png"; bbox 0 0 1838 3164; ppageno 0'>
   <div class='ocr_carea' id='block_1_1' title="bbox 0 2320 22 3164">
    <p class='ocr_par' dir='ltr' id='par_1_1' title="bbox 0 2320 22 3164">
     <span class='ocr_line' id='line_1_1' title="bbox 0 2320 22 3164; baseline 0 0"><span class='ocrx_word' id='word_1_1' title='bbox 0 2320 22 3164; x_wconf 95' lang='lat' dir='ltr'><strong> </strong></span> 
     </span>
    </p>
   </div>
   <div class='ocr_carea' id='block_1_2' title="bbox 522 160 1666 209">
    <p class='ocr_par' dir='ltr' id='par_1_2' title="bbox 522 160 1666 209">
     <span class='ocr_line' id='line_1_2' title="bbox 522 160 1666 209; baseline -0.001 -3"><span class='ocrx_word' id='word_1_2' title='bbox 522 164 840 208; x_wconf 79' lang='lat' dir='ltr'><strong>PLEONASMI</strong></span> <span class='ocrx_word' id='word_1_3' title='bbox 867 160 1263 204; x_wconf 79' lang='lat' dir='ltr'><strong>PRONOMmUM.</strong></span> <span class='ocrx_word' id='word_1_4' title='bbox 1595 161 1666 209; x_wconf 77' lang='lat'>49·-</span> 
     </span>
    </p>
   </div>
   <div class='ocr_carea' id='block_1_3' title="bbox 134 273 1667 1482">
    <p class='ocr_par' dir='ltr' id='par_1_3' title="bbox 134 273 1667 1482">
     <span class='ocr_line' id='line_1_3' title="bbox 134 273 1649 332; baseline -0.001 -9"><span class='ocrx_word' id='word_1_5' title='bbox 134 273 368 323; x_wconf 72' lang='lat' dir='ltr'><strong>Enimvero</strong></span> <span class='ocrx_word' id='word_1_6' title='bbox 386 279 508 322; x_wconf 86' lang='lat' dir='ltr'><strong>nulla</strong></span> <span class='ocrx_word' id='word_1_7' title='bbox 526 280 651 321; x_wconf 86' lang='lat' dir='ltr'><strong>inest.</strong></span> <span class='ocrx_word' id='word_1_8' title='bbox 679 277 907 332; x_wconf 82' lang='lat' dir='ltr'><strong>Aristoph.</strong></span> <span class='ocrx_word' id='word_1_9' title='bbox 928 275 1115 318; x_wconf 85' lang='lat' dir='ltr'><strong>Acharn.</strong></span> <span class='ocrx_word' id='word_1_10' title='bbox 1149 275 1250 318; x_wconf 81' lang='lat'><strong>250.</strong></span> <span class='ocrx_word' id='word_1_11' title='bbox 1283 273 1407 324; x_wconf 70' lang='grc' dir='ltr'>Οἴμοι</span> <span class='ocrx_word' id='word_1_12' title='bbox 1426 278 1555 320; x_wconf 67' lang='grc' dir='ltr'><strong>τάλας</strong></span> <span class='ocrx_word' id='word_1_13' title='bbox 1571 286 1649 322; x_wconf 72' lang='grc' dir='ltr'><strong>τῶν</strong></span> 
     </span>
     <span class='ocr_line' id='line_1_4' title="bbox 137 334 1647 387; baseline 0.001 -11"><span class='ocrx_word' id='word_1_14' title='bbox 137 334 231 379; x_wconf 71' lang='grc' dir='ltr'><strong>ἒτόν</strong></span> <span class='ocrx_word' id='word_1_15' title='bbox 250 341 460 387; x_wconf 55' lang='lat' dir='ltr'><strong>*Chia-ir.</strong></span> <span class='ocrx_word' id='word_1_16' title='bbox 483 335 738 379; x_wconf 18' lang='lat' dir='ltr'><strong>..Ibisehoh</strong></span> <span class='ocrx_word' id='word_1_17' title='bbox 758 340 844 376; x_wconf 85' lang='lat' dir='ltr'><strong>vet.</strong></span> <span class='ocrx_word' id='word_1_18' title='bbox 865 335 956 377; x_wconf 88' lang='lat' dir='ltr'><strong>sic:</strong></span> <span class='ocrx_word' id='word_1_19' title='bbox 988 337 1056 375; x_wconf 77' lang='grc' dir='ltr'><strong>οὐκ</strong></span> <span class='ocrx_word' id='word_1_20' title='bbox 1074 335 1298 381; x_wconf 71' lang='grc' dir='ltr'>ἀπόβλητον</span> <span class='ocrx_word' id='word_1_21' title='bbox 1327 334 1410 376; x_wconf 74' lang='grc' dir='ltr'><strong>οὐδὲ</strong></span> <span class='ocrx_word' id='word_1_22' title='bbox 1438 338 1553 378; x_wconf 72' lang='grc' dir='ltr'><strong>τοῦτό</strong></span> <span class='ocrx_word' id='word_1_23' title='bbox 1579 354 1647 385; x_wconf 77' lang='grc' dir='ltr'><strong>μοι</strong></span> 
     </span>
     <span class='ocr_line' id='line_1_5' title="bbox 136 389 1648 450; baseline 0.002 -18"><span class='ocrx_word' id='word_1_24' title='bbox 136 390 247 438; x_wconf 69' lang='grc' dir='ltr'><strong>δοκεῖ.</strong></span> <span class='ocrx_word' id='word_1_25' title='bbox 268 393 408 450; x_wconf 70' lang='grc' dir='ltr'>σφόδρα</span> <span class='ocrx_word' id='word_1_26' title='bbox 426 395 502 450; x_wconf 68' lang='grc' dir='ltr'><strong>γὰρ</strong></span> <span class='ocrx_word' id='word_1_27' title='bbox 519 394 693 436; x_wconf 66' lang='lat' dir='ltr'><strong>’Arme-b</strong></span> <span class='ocrx_word' id='word_1_28' title='bbox 708 394 734 437; x_wconf 75' lang='grc' dir='ltr'><em>ἦ</em></span> <span class='ocrx_word' id='word_1_29' title='bbox 754 395 900 448; x_wconf 79' lang='grc' dir='ltr'><strong><em>φράσις·</em></strong></span> <span class='ocrx_word' id='word_1_30' title='bbox 923 393 1045 433; x_wconf 62' lang='grc' dir='ltr'>λείπει</span> <span class='ocrx_word' id='word_1_31' title='bbox 1058 390 1134 446; x_wconf 67' lang='grc' dir='ltr'><strong>’γὰρ</strong></span> <span class='ocrx_word' id='word_1_32' title='bbox 1155 389 1200 431; x_wconf 74' lang='grc' dir='ltr'><strong>τὸ</strong></span> <span class='ocrx_word' id='word_1_33' title='bbox 1221 390 1326 431; x_wconf 74' lang='grc' dir='ltr'><strong>ἕνεκα</strong></span> <span class='ocrx_word' id='word_1_34' title='bbox 1346 422 1357 431; x_wconf 92' lang='grc'><strong>.</strong></span> <span class='ocrx_word' id='word_1_35' title='bbox 1381 422 1392 432; x_wconf 92' lang='grc'>.</span> <span class='ocrx_word' id='word_1_36' title='bbox 1416 422 1427 432; x_wconf 89' lang='grc'><strong><em>.</em></strong></span> <span class='ocrx_word' id='word_1_37' title='bbox 1444 392 1584 442; x_wconf 72' lang='grc' dir='ltr'><strong><em>Λέγοις</em></strong></span> <span class='ocrx_word' id='word_1_38' title='bbox 1602 394 1648 436; x_wconf 76' lang='grc' dir='ltr'><strong>ἂν</strong></span> 
     </span>
     <span class='ocr_line' id='line_1_6' title="bbox 136 446 1648 507; baseline 0.002 -16"><span class='ocrx_word' id='word_1_39' title='bbox 136 450 203 491; x_wconf 76' lang='grc' dir='ltr'><strong>καὶ</strong></span> <span class='ocrx_word' id='word_1_40' title='bbox 221 449 570 507; x_wconf 60' lang='grc' dir='ltr'><strong>σὺπαραιτλησίως·</strong></span> <span class='ocrx_word' id='word_1_41' title='bbox 587 449 714 500; x_wconf 78' lang='grc' dir='ltr'>,Οἴμοι</span> <span class='ocrx_word' id='word_1_42' title='bbox 730 455 803 494; x_wconf 75' lang='grc' dir='ltr'><strong>τῆς</strong></span> <span class='ocrx_word' id='word_1_43' title='bbox 818 451 971 502; x_wconf 73' lang='grc' dir='ltr'>τύχηςέ</span> <span class='ocrx_word' id='word_1_44' title='bbox 994 454 1077 491; x_wconf 86' lang='lat' dir='ltr'><strong>etc.</strong></span> <span class='ocrx_word' id='word_1_45' title='bbox 1137 446 1310 490; x_wconf 84' lang='lat' dir='ltr'>Rursus</span> <span class='ocrx_word' id='word_1_46' title='bbox 1327 448 1467 501; x_wconf 85' lang='lat' dir='ltr'><strong>igitur</strong></span> <span class='ocrx_word' id='word_1_47' title='bbox 1482 450 1536 492; x_wconf 91' lang='lat' dir='ltr'><strong>de</strong></span> <span class='ocrx_word' id='word_1_48' title='bbox 1548 453 1648 494; x_wconf 81' lang='lat' dir='ltr'><strong>sola</strong></span> 
     </span>
     <span class='ocr_line' id='line_1_7' title="bbox 134 506 1649 563; baseline 0.001 -14"><span class='ocrx_word' id='word_1_49' title='bbox 134 518 270 553; x_wconf 73' lang='lat' dir='ltr'><strong>causa</strong></span> <span class='ocrx_word' id='word_1_50' title='bbox 288 510 499 562; x_wconf 80' lang='lat' dir='ltr'><strong>genitivi:</strong></span> <span class='ocrx_word' id='word_1_51' title='bbox 532 509 609 551; x_wconf 87' lang='lat' dir='ltr'><strong>sed</strong></span> <span class='ocrx_word' id='word_1_52' title='bbox 625 509 680 550; x_wconf 90' lang='lat' dir='ltr'><strong>de</strong></span> <span class='ocrx_word' id='word_1_53' title='bbox 698 508 849 549; x_wconf 83' lang='lat' dir='ltr'><strong>dativo</strong></span> <span class='ocrx_word' id='word_1_54' title='bbox 867 506 952 556; x_wconf 77' lang='grc' dir='ltr'><em>μοὶ,</em></span> <span class='ocrx_word' id='word_1_55' title='bbox 979 511 1026 548; x_wconf 85' lang='lat' dir='ltr'><strong>et</strong></span> <span class='ocrx_word' id='word_1_56' title='bbox 1049 507 1106 548; x_wconf 89' lang='lat' dir='ltr'><strong>de</strong></span> <span class='ocrx_word' id='word_1_57' title='bbox 1132 507 1404 548; x_wconf 82' lang='lat' dir='ltr'><strong>nominativo</strong></span> <span class='ocrx_word' id='word_1_58' title='bbox 1424 508 1551 550; x_wconf 72' lang='grc' dir='ltr'><strong>τάλας</strong></span> <span class='ocrx_word' id='word_1_59' title='bbox 1567 522 1649 563; x_wconf 86' lang='lat' dir='ltr'><strong>per</strong></span> 
     </span>
     <span class='ocr_line' id='line_1_8' title="bbox 134 564 1652 621; baseline 0.001 -15"><span class='ocrx_word' id='word_1_60' title='bbox 134 565 444 618; x_wconf 73' lang='lat' dir='ltr'><strong>soloeoismum,</strong></span> <span class='ocrx_word' id='word_1_61' title='bbox 477 566 603 619; x_wconf 86' lang='lat' dir='ltr'><strong>quasi</strong></span> <span class='ocrx_word' id='word_1_62' title='bbox 641 579 721 621; x_wconf 91' lang='lat' dir='ltr'><strong>per</strong></span> <span class='ocrx_word' id='word_1_63' title='bbox 753 565 1094 620; x_wconf 87' lang='lat' dir='ltr'><strong>appositionem,</strong></span> <span class='ocrx_word' id='word_1_64' title='bbox 1129 564 1338 617; x_wconf 82' lang='lat' dir='ltr'><strong>adjuncto</strong></span> <span class='ocrx_word' id='word_1_65' title='bbox 1377 564 1506 606; x_wconf 86' lang='lat' dir='ltr'><strong>nihil.</strong></span> <span class='ocrx_word' id='word_1_66' title='bbox 1561 565 1652 608; x_wconf 84' lang='lat' dir='ltr'><strong>Sed</strong></span> 
     </span>
     <span class='ocr_line' id='line_1_9' title="bbox 134 620 1650 676; baseline 0.003 -14"><span class='ocrx_word' id='word_1_67' title='bbox 134 627 293 665; x_wconf 73' lang='lat' dir='ltr'><strong>veteres</strong></span> <span class='ocrx_word' id='word_1_68' title='bbox 321 624 394 669; x_wconf 68' lang='lat' dir='ltr'><strong>illi,</strong></span> <span class='ocrx_word' id='word_1_69' title='bbox 414 627 544 666; x_wconf 86' lang='lat' dir='ltr'><strong>erant</strong></span> <span class='ocrx_word' id='word_1_70' title='bbox 576 624 835 674; x_wconf 68' lang='lat' dir='ltr'><strong>scholiastae,</strong></span> <span class='ocrx_word' id='word_1_71' title='bbox 867 625 918 663; x_wconf 85' lang='lat' dir='ltr'><strong>ut</strong></span> <span class='ocrx_word' id='word_1_72' title='bbox 949 623 1025 676; x_wconf 86' lang='lat' dir='ltr'><strong>qui</strong></span> <span class='ocrx_word' id='word_1_73' title='bbox 1054 622 1232 670; x_wconf 89' lang='lat' dir='ltr'><strong>scirent,</strong></span> <span class='ocrx_word' id='word_1_74' title='bbox 1267 620 1366 669; x_wconf 84' lang='grc' dir='ltr'><strong><em>οἷ’μοι</em></strong></span> <span class='ocrx_word' id='word_1_75' title='bbox 1386 635 1499 670; x_wconf 58' lang='lat' dir='ltr'><strong>esse,</strong></span> <span class='ocrx_word' id='word_1_76' title='bbox 1532 627 1650 666; x_wconf 85' lang='lat' dir='ltr'><strong>utet</strong></span> 
     </span>
     <span class='ocr_line' id='line_1_10' title="bbox 138 675 1648 737; baseline 0.002 -17"><span class='ocrx_word' id='word_1_77' title='bbox 138 675 384 735; x_wconf 67' lang='lat' dir='ltr'><strong>Hesychius</strong></span> <span class='ocrx_word' id='word_1_78' title='bbox 402 675 736 737; x_wconf 80' lang='lat' dir='ltr'><strong>interpretatur,</strong></span> <span class='ocrx_word' id='word_1_79' title='bbox 768 678 995 734; x_wconf 61' lang='grc' dir='ltr'><strong>ἐπίφθεγμα</strong></span> <span class='ocrx_word' id='word_1_80' title='bbox 1021 678 1176 735; x_wconf 63' lang='grc' dir='ltr'><strong>θρήνου,</strong></span> <span class='ocrx_word' id='word_1_81' title='bbox 1205 692 1340 721; x_wconf 86' lang='lat' dir='ltr'><strong>unam</strong></span> <span class='ocrx_word' id='word_1_82' title='bbox 1364 681 1648 734; x_wconf 80' lang='lat' dir='ltr'><strong>particulam,</strong></span> 
     </span>
     <span class='ocr_line' id='line_1_11' title="bbox 136 736 1652 793; baseline 0.001 -14"><span class='ocrx_word' id='word_1_83' title='bbox 136 748 227 781; x_wconf 83' lang='lat' dir='ltr'><strong>non</strong></span> <span class='ocrx_word' id='word_1_84' title='bbox 261 740 527 782; x_wconf 78' lang='lat' dir='ltr'><strong>sententiam</strong></span> <span class='ocrx_word' id='word_1_85' title='bbox 558 752 759 781; x_wconf 88' lang='lat' dir='ltr'><strong>mancam</strong></span> <span class='ocrx_word' id='word_1_86' title='bbox 780 751 836 780; x_wconf 85' lang='lat' dir='ltr'><strong>ex</strong></span> <span class='ocrx_word' id='word_1_87' title='bbox 854 737 892 778; x_wconf 75' lang='grc' dir='ltr'><strong>οἳ</strong></span> <span class='ocrx_word' id='word_1_88' title='bbox 906 742 950 780; x_wconf 91' lang='lat' dir='ltr'><strong>et</strong></span> <span class='ocrx_word' id='word_1_89' title='bbox 968 738 1122 780; x_wconf 82' lang='lat' dir='ltr'><strong>dativo</strong></span> <span class='ocrx_word' id='word_1_90' title='bbox 1150 741 1218 779; x_wconf 65' lang='lat' dir='ltr'><strong>wi)</strong></span> <span class='ocrx_word' id='word_1_91' title='bbox 1235 736 1310 786; x_wconf 71' lang='grc' dir='ltr'><strong>ἐγῶ</strong></span> <span class='ocrx_word' id='word_1_92' title='bbox 1342 739 1652 793; x_wconf 78' lang='lat' dir='ltr'><strong>compositam.</strong></span> 
     </span>
     <span class='ocr_line' id='line_1_12' title="bbox 135 791 1647 851; baseline 0.001 -15"><span class='ocrx_word' id='word_1_93' title='bbox 135 791 185 849; x_wconf 80' lang='lat' dir='ltr'><strong>d)</strong></span> <span class='ocrx_word' id='word_1_94' title='bbox 210 794 282 837; x_wconf 87' lang='lat' dir='ltr'><strong>Ab</strong></span> <span class='ocrx_word' id='word_1_95' title='bbox 300 795 607 851; x_wconf 86' lang='lat' dir='ltr'><strong>interjectione</strong></span> <span class='ocrx_word' id='word_1_96' title='bbox 642 796 741 845; x_wconf 77' lang='grc' dir='ltr'><em>οἴμοι</em></span> <span class='ocrx_word' id='word_1_97' title='bbox 772 796 974 838; x_wconf 86' lang='lat' dir='ltr'><strong>derivant</strong></span> <span class='ocrx_word' id='word_1_98' title='bbox 1008 795 1191 837; x_wconf 82' lang='lat' dir='ltr'><strong>verbum</strong></span> <span class='ocrx_word' id='word_1_99' title='bbox 1222 794 1418 848; x_wconf 73' lang='grc' dir='ltr'><strong>οἶμῶζεινε</strong></span> <span class='ocrx_word' id='word_1_100' title='bbox 1449 800 1496 837; x_wconf 90' lang='lat' dir='ltr'><strong>et</strong></span> <span class='ocrx_word' id='word_1_101' title='bbox 1514 801 1647 838; x_wconf 86' lang='lat' dir='ltr'><strong>recte.</strong></span> 
     </span>
     <span class='ocr_line' id='line_1_13' title="bbox 135 850 1652 909; baseline 0.001 -15"><span class='ocrx_word' id='word_1_102' title='bbox 135 850 284 898; x_wconf 71' lang='lat' dir='ltr'><strong>Sedsi</strong></span> <span class='ocrx_word' id='word_1_103' title='bbox 304 871 370 902; x_wconf 80' lang='grc' dir='ltr'><strong>μοι</strong></span> <span class='ocrx_word' id='word_1_104' title='bbox 389 855 437 896; x_wconf 83' lang='grc' dir='ltr'><strong>ἰιι</strong></span> <span class='ocrx_word' id='word_1_105' title='bbox 456 856 535 896; x_wconf 90' lang='lat' dir='ltr'><strong>illo</strong></span> <span class='ocrx_word' id='word_1_106' title='bbox 554 858 626 896; x_wconf 89' lang='lat' dir='ltr'><strong>est</strong></span> <span class='ocrx_word' id='word_1_107' title='bbox 645 853 768 902; x_wconf 66' lang='lat' dir='ltr'><strong>mihi,</strong></span> <span class='ocrx_word' id='word_1_108' title='bbox 799 854 917 907; x_wconf 88' lang='lat' dir='ltr'><strong>quod</strong></span> <span class='ocrx_word' id='word_1_109' title='bbox 937 854 1114 896; x_wconf 83' lang='lat' dir='ltr'><strong>tandem</strong></span> <span class='ocrx_word' id='word_1_110' title='bbox 1134 857 1378 895; x_wconf 89' lang='lat' dir='ltr'><strong>monstrum</strong></span> <span class='ocrx_word' id='word_1_111' title='bbox 1399 854 1528 895; x_wconf 87' lang='lat' dir='ltr'><strong>nobis</strong></span> <span class='ocrx_word' id='word_1_112' title='bbox 1547 867 1652 909; x_wconf 88' lang='lat' dir='ltr'><strong>pro·</strong></span> 
     </span>
     <span class='ocr_line' id='line_1_14' title="bbox 134 909 1652 966; baseline 0.002 -16"><span class='ocrx_word' id='word_1_113' title='bbox 134 909 286 954; x_wconf 70' lang='lat' dir='ltr'><strong>ferunt</strong></span> <span class='ocrx_word' id='word_1_114' title='bbox 299 913 318 952; x_wconf 71' lang='lat'><em>2</em></span> <span class='ocrx_word' id='word_1_115' title='bbox 366 910 441 953; x_wconf 89' lang='lat' dir='ltr'><strong>An</strong></span> <span class='ocrx_word' id='word_1_116' title='bbox 464 912 640 954; x_wconf 87' lang='lat' dir='ltr'><strong>dativus</strong></span> <span class='ocrx_word' id='word_1_117' title='bbox 660 914 707 953; x_wconf 91' lang='lat' dir='ltr'><strong>in</strong></span> <span class='ocrx_word' id='word_1_118' title='bbox 725 912 870 953; x_wconf 90' lang='lat' dir='ltr'><strong>medio</strong></span> <span class='ocrx_word' id='word_1_119' title='bbox 883 924 1066 966; x_wconf 89' lang='lat' dir='ltr'><strong>corpore</strong></span> <span class='ocrx_word' id='word_1_120' title='bbox 1078 911 1202 953; x_wconf 82' lang='lat' dir='ltr'><strong>verbi</strong></span> <span class='ocrx_word' id='word_1_121' title='bbox 1222 911 1366 953; x_wconf 90' lang='lat' dir='ltr'><strong>locum</strong></span> <span class='ocrx_word' id='word_1_122' title='bbox 1386 911 1537 960; x_wconf 81' lang='lat' dir='ltr'><strong>habet,</strong></span> <span class='ocrx_word' id='word_1_123' title='bbox 1556 915 1652 954; x_wconf 65' lang='lat' dir='ltr'><strong>&#39;aut</strong></span> 
     </span>
     <span class='ocr_line' id='line_1_15' title="bbox 134 966 1652 1024; baseline 0.002 -16"><span class='ocrx_word' id='word_1_124' title='bbox 134 966 272 1009; x_wconf 82' lang='lat' dir='ltr'><strong>simili</strong></span> <span class='ocrx_word' id='word_1_125' title='bbox 292 969 424 1010; x_wconf 89' lang='lat' dir='ltr'><strong>modo</strong></span> <span class='ocrx_word' id='word_1_126' title='bbox 441 971 735 1024; x_wconf 89' lang='lat' dir='ltr'><strong>compositum</strong></span> <span class='ocrx_word' id='word_1_127' title='bbox 757 970 895 1011; x_wconf 90' lang='lat' dir='ltr'><strong>ullum</strong></span> <span class='ocrx_word' id='word_1_128' title='bbox 912 970 1095 1011; x_wconf 81' lang='lat' dir='ltr'><strong>verbum</strong></span> <span class='ocrx_word' id='word_1_129' title='bbox 1125 970 1302 1010; x_wconf 74' lang='lat' dir='ltr'><strong>exstat?</strong></span> <span class='ocrx_word' id='word_1_130' title='bbox 1330 967 1400 1009; x_wconf 92' lang='lat' dir='ltr'><strong>Ab</strong></span> <span class='ocrx_word' id='word_1_131' title='bbox 1421 966 1469 1009; x_wconf 71' lang='grc' dir='ltr'><strong>αἶ</strong></span> <span class='ocrx_word' id='word_1_132' title='bbox 1479 969 1652 1011; x_wconf 78' lang='lat' dir='ltr'><strong>factum</strong></span> 
     </span>
     <span class='ocr_line' id='line_1_16' title="bbox 135 1024 1654 1082; baseline 0.003 -16"><span class='ocrx_word' id='word_1_133' title='bbox 135 1027 206 1066; x_wconf 76' lang='lat' dir='ltr'><strong>est</strong></span> <span class='ocrx_word' id='word_1_134' title='bbox 221 1025 379 1079; x_wconf 74' lang='grc' dir='ltr'><strong>αἲάζειν,</strong></span> <span class='ocrx_word' id='word_1_135' title='bbox 409 1028 525 1069; x_wconf 86' lang='lat' dir='ltr'><strong>sicut</strong></span> <span class='ocrx_word' id='word_1_136' title='bbox 559 1028 616 1069; x_wconf 85' lang='lat' dir='ltr'><strong>ab</strong></span> <span class='ocrx_word' id='word_1_137' title='bbox 649 1026 727 1069; x_wconf 78' lang='lat' dir='ltr'><strong>aclz</strong></span> <span class='ocrx_word' id='word_1_138' title='bbox 753 1028 871 1082; x_wconf 87' lang='lat' dir='ltr'><strong>apud</strong></span> <span class='ocrx_word' id='word_1_139' title='bbox 900 1040 980 1069; x_wconf 88' lang='lat' dir='ltr'><strong>nos</strong></span> <span class='ocrx_word' id='word_1_140' title='bbox 1012 1025 1181 1068; x_wconf 68' lang='lat' dir='ltr'><strong>iichzen.</strong></span> <span class='ocrx_word' id='word_1_141' title='bbox 1241 1024 1330 1067; x_wconf 85' lang='lat' dir='ltr'><strong>Sed</strong></span> <span class='ocrx_word' id='word_1_142' title='bbox 1351 1039 1456 1069; x_wconf 89' lang='lat' dir='ltr'><strong>num</strong></span> <span class='ocrx_word' id='word_1_143' title='bbox 1477 1026 1534 1069; x_wconf 88' lang='lat' dir='ltr'><strong>ab</strong></span> <span class='ocrx_word' id='word_1_144' title='bbox 1553 1026 1654 1070; x_wconf 65' lang='lat' dir='ltr'><strong>oret</strong></span> 
     </span>
     <span class='ocr_line' id='line_1_17' title="bbox 134 1081 1656 1139; baseline 0.003 -16"><span class='ocrx_word' id='word_1_145' title='bbox 134 1081 203 1129; x_wconf 77' lang='grc' dir='ltr'><strong>μοὶ</strong></span> <span class='ocrx_word' id='word_1_146' title='bbox 221 1083 391 1136; x_wconf 81' lang='lat' dir='ltr'><strong>aliquid</strong></span> <span class='ocrx_word' id='word_1_147' title='bbox 412 1085 664 1138; x_wconf 85' lang='lat' dir='ltr'><strong>hujusmodi</strong></span> <span class='ocrx_word' id='word_1_148' title='bbox 683 1086 864 1127; x_wconf 89' lang='lat' dir='ltr'><strong>conflari</strong></span> <span class='ocrx_word' id='word_1_149' title='bbox 884 1089 1043 1139; x_wconf 85' lang='lat' dir='ltr'><strong>potest,</strong></span> <span class='ocrx_word' id='word_1_150' title='bbox 1064 1088 1114 1126; x_wconf 86' lang='lat' dir='ltr'><strong>ut</strong></span> <span class='ocrx_word' id='word_1_151' title='bbox 1134 1083 1397 1126; x_wconf 86' lang='lat' dir='ltr'><strong>Germanice</strong></span> <span class='ocrx_word' id='word_1_152' title='bbox 1413 1097 1452 1126; x_wconf 88' lang='lat' dir='ltr'><strong>v.</strong></span> <span class='ocrx_word' id='word_1_153' title='bbox 1472 1098 1510 1126; x_wconf 90' lang='lat' dir='ltr'><strong>c.</strong></span> <span class='ocrx_word' id='word_1_154' title='bbox 1530 1084 1656 1128; x_wconf 77' lang='lat' dir='ltr'><strong>dicas</strong></span> 
     </span>
     <span class='ocr_line' id='line_1_18' title="bbox 135 1137 1655 1197; baseline 0.003 -17"><span class='ocrx_word' id='word_1_155' title='bbox 135 1137 425 1190; x_wconf 64' lang='lat' dir='ltr'><strong>walamir-zen,</strong></span> <span class='ocrx_word' id='word_1_156' title='bbox 454 1147 534 1185; x_wconf 87' lang='lat' dir='ltr'><strong>aut</strong></span> <span class='ocrx_word' id='word_1_157' title='bbox 565 1141 683 1186; x_wconf 85' lang='lat' dir='ltr'><strong>Gall.</strong></span> <span class='ocrx_word' id='word_1_158' title='bbox 714 1141 1071 1185; x_wconf 73' lang='lat' dir='ltr'><strong>malkeurdmoier</strong></span> <span class='ocrx_word' id='word_1_159' title='bbox 1085 1146 1106 1184; x_wconf 85' lang='lat'><strong><em>?</em></strong></span> <span class='ocrx_word' id='word_1_160' title='bbox 1161 1141 1289 1184; x_wconf 87' lang='lat' dir='ltr'><strong>Paene</strong></span> <span class='ocrx_word' id='word_1_161' title='bbox 1314 1141 1469 1197; x_wconf 88' lang='lat' dir='ltr'><strong>pudet,</strong></span> <span class='ocrx_word' id='word_1_162' title='bbox 1498 1142 1568 1184; x_wconf 84' lang='lat' dir='ltr'><strong>vel</strong></span> <span class='ocrx_word' id='word_1_163' title='bbox 1588 1155 1655 1185; x_wconf 85' lang='lat' dir='ltr'><strong>re-</strong></span> 
     </span>
     <span class='ocr_line' id='line_1_19' title="bbox 137 1195 1658 1254; baseline 0.003 -16"><span class='ocrx_word' id='word_1_164' title='bbox 137 1195 315 1243; x_wconf 78' lang='lat' dir='ltr'><strong>futandi</strong></span> <span class='ocrx_word' id='word_1_165' title='bbox 334 1211 483 1247; x_wconf 87' lang='lat' dir='ltr'><strong>causa,</strong></span> <span class='ocrx_word' id='word_1_166' title='bbox 514 1201 679 1254; x_wconf 87' lang='lat' dir='ltr'>fingere</span> <span class='ocrx_word' id='word_1_167' title='bbox 711 1204 804 1243; x_wconf 80' lang='lat' dir='ltr'><strong>tam</strong></span> <span class='ocrx_word' id='word_1_168' title='bbox 837 1202 1055 1249; x_wconf 86' lang='lat' dir='ltr'><strong>scurrilia,</strong></span> <span class='ocrx_word' id='word_1_169' title='bbox 1086 1212 1185 1253; x_wconf 86' lang='lat' dir='ltr'><strong>quae</strong></span> <span class='ocrx_word' id='word_1_170' title='bbox 1218 1212 1318 1242; x_wconf 89' lang='lat' dir='ltr'><strong>cum</strong></span> <span class='ocrx_word' id='word_1_171' title='bbox 1343 1199 1569 1242; x_wconf 79' lang='lat' dir='ltr'><strong>stomacho</strong></span> <span class='ocrx_word' id='word_1_172' title='bbox 1588 1201 1658 1242; x_wconf 82' lang='lat' dir='ltr'><strong>vi-</strong></span> 
     </span>
     <span class='ocr_line' id='line_1_20' title="bbox 136 1253 1658 1313; baseline 0.003 -18"><span class='ocrx_word' id='word_1_173' title='bbox 136 1253 297 1297; x_wconf 89' lang='lat' dir='ltr'><strong>dentur</strong></span> <span class='ocrx_word' id='word_1_174' title='bbox 314 1256 494 1299; x_wconf 81' lang='lat' dir='ltr'><strong>effundi.</strong></span> <span class='ocrx_word' id='word_1_175' title='bbox 555 1257 654 1301; x_wconf 85' lang='lat' dir='ltr'><strong>Hoc</strong></span> <span class='ocrx_word' id='word_1_176' title='bbox 671 1260 821 1313; x_wconf 86' lang='lat' dir='ltr'><strong>potius</strong></span> <span class='ocrx_word' id='word_1_177' title='bbox 840 1259 956 1306; x_wconf 87' lang='lat' dir='ltr'><strong>dico,</strong></span> <span class='ocrx_word' id='word_1_178' title='bbox 985 1258 1102 1311; x_wconf 90' lang='lat' dir='ltr'><strong>quod</strong></span> <span class='ocrx_word' id='word_1_179' title='bbox 1119 1258 1310 1311; x_wconf 88' lang='lat' dir='ltr'><strong>denique</strong></span> <span class='ocrx_word' id='word_1_180' title='bbox 1324 1258 1443 1299; x_wconf 85' lang='lat' dir='ltr'><strong>clare</strong></span> <span class='ocrx_word' id='word_1_181' title='bbox 1461 1269 1658 1312; x_wconf 87' lang='lat' dir='ltr'>pronun-</span> 
     </span>
     <span class='ocr_line' id='line_1_21' title="bbox 137 1311 1667 1369; baseline 0.003 -17"><span class='ocrx_word' id='word_1_182' title='bbox 137 1311 340 1354; x_wconf 89' lang='lat' dir='ltr'><strong>tiandum</strong></span> <span class='ocrx_word' id='word_1_183' title='bbox 358 1318 513 1362; x_wconf 87' lang='lat' dir='ltr'><strong>restat,</strong></span> <span class='ocrx_word' id='word_1_184' title='bbox 545 1316 592 1356; x_wconf 90' lang='lat' dir='ltr'><strong>in</strong></span> <span class='ocrx_word' id='word_1_185' title='bbox 613 1314 842 1368; x_wconf 88' lang='lat' dir='ltr'><strong>Euripidis</strong></span> <span class='ocrx_word' id='word_1_186' title='bbox 866 1330 909 1356; x_wconf 80' lang='lat' dir='ltr'><strong>v.</strong></span> <span class='ocrx_word' id='word_1_187' title='bbox 933 1329 976 1369; x_wconf 88' lang='lat' dir='ltr'><strong>g.</strong></span> <span class='ocrx_word' id='word_1_188' title='bbox 998 1314 1218 1357; x_wconf 88' lang='lat' dir='ltr'><strong>Phoeniss.</strong></span> <span class='ocrx_word' id='word_1_189' title='bbox 1238 1314 1336 1356; x_wconf 91' lang='grc'>386.</span> <span class='ocrx_word' id='word_1_190' title='bbox 1367 1315 1540 1356; x_wconf 92' lang='lat' dir='ltr'><strong>nullum</strong></span> <span class='ocrx_word' id='word_1_191' title='bbox 1559 1327 1667 1357; x_wconf 80' lang='lat' dir='ltr'><strong>esse·</strong></span> 
     </span>
     <span class='ocr_line' id='line_1_22' title="bbox 136 1369 1654 1425; baseline 0.002 -15"><span class='ocrx_word' id='word_1_192' title='bbox 136 1369 459 1423; x_wconf 82' lang='lat' dir='ltr'><strong>pleonasmum,</strong></span> <span class='ocrx_word' id='word_1_193' title='bbox 488 1375 534 1412; x_wconf 91' lang='lat' dir='ltr'><strong>et</strong></span> <span class='ocrx_word' id='word_1_194' title='bbox 572 1372 936 1413; x_wconf 83' lang='lat' dir='ltr'><strong>constructionem</strong></span> <span class='ocrx_word' id='word_1_195' title='bbox 965 1372 1133 1425; x_wconf 89' lang='lat' dir='ltr'><strong>optime</strong></span> <span class='ocrx_word' id='word_1_196' title='bbox 1164 1377 1395 1413; x_wconf 84' lang='lat' dir='ltr'><strong>constare:</strong></span> <span class='ocrx_word' id='word_1_197' title='bbox 1425 1371 1526 1420; x_wconf 77' lang='grc' dir='ltr'><em>οἴμοι</em></span> <span class='ocrx_word' id='word_1_198' title='bbox 1559 1372 1654 1421; x_wconf 67' lang='grc' dir='ltr'><strong>ἐγὼ,</strong></span> 
     </span>
     <span class='ocr_line' id='line_1_23' title="bbox 135 1424 1656 1482; baseline 0.003 -14"><span class='ocrx_word' id='word_1_199' title='bbox 135 1424 266 1468; x_wconf 76' lang='lat' dir='ltr'><strong>miser</strong></span> <span class='ocrx_word' id='word_1_200' title='bbox 283 1427 394 1482; x_wconf 84' lang='lat' dir='ltr'><strong>ego!</strong></span> <span class='ocrx_word' id='word_1_201' title='bbox 424 1428 516 1470; x_wconf 83' lang='lat' dir='ltr'><strong>sive</strong></span> <span class='ocrx_word' id='word_1_202' title='bbox 536 1426 609 1470; x_wconf 76' lang='lat' dir='ltr'><strong>hei</strong></span> <span class='ocrx_word' id='word_1_203' title='bbox 628 1426 738 1470; x_wconf 76' lang='lat' dir='ltr'><strong>mihi</strong></span> <span class='ocrx_word' id='word_1_204' title='bbox 750 1429 768 1470; x_wconf 77' lang='grc' dir='ltr'><em>Ι</em></span> <span class='ocrx_word' id='word_1_205' title='bbox 794 1441 861 1470; x_wconf 84' lang='lat' dir='ltr'><strong>me</strong></span> <span class='ocrx_word' id='word_1_206' title='bbox 889 1427 1124 1470; x_wconf 75' lang='lat' dir='ltr'><strong>miserum!</strong></span> <span class='ocrx_word' id='word_1_207' title='bbox 1154 1433 1229 1470; x_wconf 76' lang='grc' dir='ltr'><strong>τῶν</strong></span> <span class='ocrx_word' id='word_1_208' title='bbox 1255 1429 1322 1478; x_wconf 82' lang='grc' dir='ltr'>ἐμ..</span> <span class='ocrx_word' id='word_1_209' title='bbox 1351 1446 1392 1472; x_wconf 80' lang='grc' dir='ltr'><strong>κ.</strong></span> <span class='ocrx_word' id='word_1_210' title='bbox 1411 1430 1509 1471; x_wconf 85' lang='lat' dir='ltr'><strong>scil.</strong></span> <span class='ocrx_word' id='word_1_211' title='bbox 1530 1428 1656 1479; x_wconf 78' lang='grc' dir='ltr'><strong>ἕνεκα,</strong></span> 
     </span>
    </p>
   </div>
   <div class='ocr_carea' id='block_1_4' title="bbox 127 1483 1112 1619">
    <p class='ocr_par' dir='ltr' id='par_1_4' title="bbox 127 1483 1112 1619">
     <span class='ocr_line' id='line_1_24' title="bbox 127 1483 704 1541; baseline -0.002 -15"><span class='ocrx_word' id='word_1_212' title='bbox 127 1489 306 1541; x_wconf 80' lang='lat' dir='ltr'><strong>propter</strong></span> <span class='ocrx_word' id='word_1_213' title='bbox 317 1497 412 1528; x_wconf 83' lang='lat' dir='ltr'><strong>mea</strong></span> <span class='ocrx_word' id='word_1_214' title='bbox 430 1483 555 1528; x_wconf 77' lang='lat' dir='ltr'><strong>mala.</strong></span> <span class='ocrx_word' id='word_1_215' title='bbox 701 1523 704 1525; x_wconf 85' lang='grc'><em>,</em></span> 
     </span>
     <span class='ocr_line' id='line_1_25' title="bbox 677 1573 1112 1619; baseline -0.002 0"><span class='ocrx_word' id='word_1_216' title='bbox 677 1573 862 1619; x_wconf 88' lang='grc' dir='ltr'><strong>ΟΣΤΙΣ</strong></span> <span class='ocrx_word' id='word_1_217' title='bbox 880 1576 972 1619; x_wconf 81' lang='lat' dir='ltr'><strong>vid.</strong></span> <span class='ocrx_word' id='word_1_218' title='bbox 992 1574 1112 1618; x_wconf 87' lang='grc' dir='ltr'><strong>ΤΙΣ.</strong></span> 
     </span>
    </p>
   </div>
   <div class='ocr_carea' id='block_1_5' title="bbox 782 1673 1011 1720">
    <p class='ocr_par' dir='ltr' id='par_1_5' title="bbox 782 1673 1011 1720">
     <span class='ocr_line' id='line_1_26' title="bbox 782 1673 1011 1720; baseline 0.013 -4"><span class='ocrx_word' id='word_1_219' title='bbox 782 1673 1011 1720; x_wconf 77' lang='grc' dir='ltr'><strong>ΟΥΤΟΣ.</strong></span> 
     </span>
    </p>
   </div>
   <div class='ocr_carea' id='block_1_6' title="bbox 96 1761 1659 2111">
    <p class='ocr_par' dir='ltr' id='par_1_6' title="bbox 96 1761 1659 1995">
     <span class='ocr_line' id='line_1_27' title="bbox 201 1761 1657 1823; baseline 0.004 -19"><span class='ocrx_word' id='word_1_220' title='bbox 201 1762 239 1804; x_wconf 90' lang='lat'><strong>1.</strong></span> <span class='ocrx_word' id='word_1_221' title='bbox 268 1761 565 1818; x_wconf 76' lang='lat' dir='ltr'><strong>conjunctum</strong></span> <span class='ocrx_word' id='word_1_222' title='bbox 583 1763 692 1806; x_wconf 73' lang='grc' dir='ltr'><strong><em>οὗτος</em></strong></span> <span class='ocrx_word' id='word_1_223' title='bbox 710 1776 811 1807; x_wconf 88' lang='lat' dir='ltr'><strong>cum</strong></span> <span class='ocrx_word' id='word_1_224' title='bbox 843 1764 918 1814; x_wconf 68' lang='grc' dir='ltr'><strong>ἐγὼ</strong></span> <span class='ocrx_word' id='word_1_225' title='bbox 951 1765 1017 1806; x_wconf 86' lang='lat' dir='ltr'><strong>ita</strong></span> <span class='ocrx_word' id='word_1_226' title='bbox 1043 1764 1246 1821; x_wconf 66' lang='grc' dir='ltr'>παρέλκει,</span> <span class='ocrx_word' id='word_1_227' title='bbox 1274 1768 1328 1808; x_wconf 91' lang='lat' dir='ltr'><strong>ut</strong></span> <span class='ocrx_word' id='word_1_228' title='bbox 1360 1766 1532 1810; x_wconf 86' lang='lat' dir='ltr'><strong>notioni</strong></span> <span class='ocrx_word' id='word_1_229' title='bbox 1563 1767 1657 1823; x_wconf 90' lang='lat' dir='ltr'><strong>pri-</strong></span> 
     </span>
     <span class='ocr_line' id='line_1_28' title="bbox 139 1822 1657 1877; baseline 0.002 -13"><span class='ocrx_word' id='word_1_230' title='bbox 139 1832 223 1862; x_wconf 77' lang='lat' dir='ltr'><strong>mae</strong></span> <span class='ocrx_word' id='word_1_231' title='bbox 252 1834 469 1876; x_wconf 87' lang='lat' dir='ltr'><strong>personae,</strong></span> <span class='ocrx_word' id='word_1_232' title='bbox 500 1823 593 1864; x_wconf 83' lang='lat' dir='ltr'><strong>sive</strong></span> <span class='ocrx_word' id='word_1_233' title='bbox 629 1822 732 1864; x_wconf 87' lang='lat' dir='ltr'><strong>huic</strong></span> <span class='ocrx_word' id='word_1_234' title='bbox 767 1822 843 1871; x_wconf 68' lang='grc' dir='ltr'><strong>ἐγῶ</strong></span> <span class='ocrx_word' id='word_1_235' title='bbox 880 1835 1061 1875; x_wconf 85' lang='lat' dir='ltr'><strong>gravem</strong></span> <span class='ocrx_word' id='word_1_236' title='bbox 1084 1823 1470 1865; x_wconf 84' lang='lat' dir='ltr'><strong>asseverationem</strong></span> <span class='ocrx_word' id='word_1_237' title='bbox 1501 1825 1657 1877; x_wconf 77' lang='lat' dir='ltr'><strong>addat,</strong></span> 
     </span>
     <span class='ocr_line' id='line_1_29' title="bbox 138 1879 1656 1937; baseline 0.002 -15"><span class='ocrx_word' id='word_1_238' title='bbox 138 1881 267 1932; x_wconf 83' lang='lat' dir='ltr'><strong>quasi</strong></span> <span class='ocrx_word' id='word_1_239' title='bbox 296 1880 398 1934; x_wconf 87' lang='lat' dir='ltr'><strong>quis</strong></span> <span class='ocrx_word' id='word_1_240' title='bbox 432 1881 575 1933; x_wconf 87' lang='lat' dir='ltr'><strong>digito</strong></span> <span class='ocrx_word' id='word_1_241' title='bbox 606 1894 652 1922; x_wconf 91' lang='lat' dir='ltr'><strong>se</strong></span> <span class='ocrx_word' id='word_1_242' title='bbox 682 1881 830 1936; x_wconf 89' lang='lat' dir='ltr'><strong>ipsum</strong></span> <span class='ocrx_word' id='word_1_243' title='bbox 849 1884 1101 1922; x_wconf 88' lang='lat' dir='ltr'><strong>monstrans</strong></span> <span class='ocrx_word' id='word_1_244' title='bbox 1133 1881 1281 1922; x_wconf 85' lang='lat' dir='ltr'><strong>dicat:</strong></span> <span class='ocrx_word' id='word_1_245' title='bbox 1314 1879 1425 1937; x_wconf 87' lang='lat' dir='ltr'><strong>Ego,</strong></span> <span class='ocrx_word' id='word_1_246' title='bbox 1459 1894 1557 1937; x_wconf 84' lang='lat' dir='ltr'><strong>ego,</strong></span> <span class='ocrx_word' id='word_1_247' title='bbox 1586 1881 1656 1925; x_wconf 79' lang='lat' dir='ltr'><strong>in-</strong></span> 
     </span>
     <span class='ocr_line' id='line_1_30' title="bbox 96 1936 1659 1995; baseline 0.004 -17"><span class='ocrx_word' id='word_1_248' title='bbox 96 1978 102 1983; x_wconf 69' lang='lat'>,</span> <span class='ocrx_word' id='word_1_249' title='bbox 139 1949 283 1992; x_wconf 75' lang='lat' dir='ltr'><strong>quam,</strong></span> <span class='ocrx_word' id='word_1_250' title='bbox 301 1936 384 1979; x_wconf 81' lang='lat' dir='ltr'><strong>etsi</strong></span> <span class='ocrx_word' id='word_1_251' title='bbox 404 1938 500 1994; x_wconf 81' lang='lat' dir='ltr'><strong>quis</strong></span> <span class='ocrx_word' id='word_1_252' title='bbox 518 1936 694 1980; x_wconf 81' lang='lat' dir='ltr'><strong>minime</strong></span> <span class='ocrx_word' id='word_1_253' title='bbox 713 1937 869 1990; x_wconf 83' lang='lat' dir='ltr'><strong>credat,</strong></span> <span class='ocrx_word' id='word_1_254' title='bbox 891 1937 1006 1995; x_wconf 76' lang='lat' dir='ltr'><strong>quod</strong></span> <span class='ocrx_word' id='word_1_255' title='bbox 1035 1937 1089 1980; x_wconf 86' lang='lat' dir='ltr'><strong>de</strong></span> <span class='ocrx_word' id='word_1_256' title='bbox 1114 1951 1182 1979; x_wconf 83' lang='lat' dir='ltr'><strong>me</strong></span> <span class='ocrx_word' id='word_1_257' title='bbox 1207 1936 1398 1980; x_wconf 75' lang='lat' dir='ltr'><strong>dicturus</strong></span> <span class='ocrx_word' id='word_1_258' title='bbox 1413 1951 1524 1982; x_wconf 70' lang='lat' dir='ltr'><strong>sum.</strong></span> <span class='ocrx_word' id='word_1_259' title='bbox 1580 1939 1659 1985; x_wconf 83' lang='lat' dir='ltr'><strong>Sic</strong></span> 
     </span>
    </p>

    <p class='ocr_par' dir='ltr' id='par_1_7' title="bbox 139 1994 1657 2111">
     <span class='ocr_line' id='line_1_31' title="bbox 139 1994 1657 2052; baseline 0.003 -18"><span class='ocrx_word' id='word_1_260' title='bbox 139 1994 249 2035; x_wconf 86' lang='lat' dir='ltr'><strong>illud</strong></span> <span class='ocrx_word' id='word_1_261' title='bbox 268 1997 458 2037; x_wconf 84' lang='lat' dir='ltr'><strong>occurrit</strong></span> <span class='ocrx_word' id='word_1_262' title='bbox 478 1995 706 2050; x_wconf 84' lang='lat' dir='ltr'><strong>Aristoph.</strong></span> <span class='ocrx_word' id='word_1_263' title='bbox 729 1995 849 2038; x_wconf 86' lang='lat' dir='ltr'><strong>Nub.</strong></span> <span class='ocrx_word' id='word_1_264' title='bbox 877 1996 968 2037; x_wconf 88' lang='grc'>141.</span> <span class='ocrx_word' id='word_1_265' title='bbox 996 1994 1105 2045; x_wconf 71' lang='grc' dir='ltr'><strong>Ἐγὼ</strong></span> <span class='ocrx_word' id='word_1_266' title='bbox 1137 1995 1214 2052; x_wconf 67' lang='grc' dir='ltr'><strong>γὰρ</strong></span> <span class='ocrx_word' id='word_1_267' title='bbox 1246 1996 1370 2037; x_wconf 78' lang='grc' dir='ltr'><strong><em>οὑτοσὶ</em></strong></span> <span class='ocrx_word' id='word_1_268' title='bbox 1404 1996 1486 2041; x_wconf 73' lang='grc' dir='ltr'><strong>ἥκω</strong></span> <span class='ocrx_word' id='word_1_269' title='bbox 1514 1997 1657 2047; x_wconf 61' lang='grc' dir='ltr'>μαθη-</span> 
     </span>
     <span class='ocr_line' id='line_1_32' title="bbox 139 2048 1656 2111; baseline 0.004 -19"><span class='ocrx_word' id='word_1_270' title='bbox 139 2048 216 2093; x_wconf 70' lang='grc' dir='ltr'><strong>τὴς</strong></span> <span class='ocrx_word' id='word_1_271' title='bbox 234 2053 286 2093; x_wconf 79' lang='grc' dir='ltr'><strong>εἷς</strong></span> <span class='ocrx_word' id='word_1_272' title='bbox 304 2052 349 2093; x_wconf 76' lang='grc' dir='ltr'><strong>τὸ</strong></span> <span class='ocrx_word' id='word_1_273' title='bbox 368 2054 657 2109; x_wconf 68' lang='grc' dir='ltr'><strong><em>φροντιστήριον.</em></strong></span> <span class='ocrx_word' id='word_1_274' title='bbox 689 2052 803 2095; x_wconf 83' lang='lat' dir='ltr'><strong>Plat.</strong></span> <span class='ocrx_word' id='word_1_275' title='bbox 823 2052 970 2095; x_wconf 86' lang='lat' dir='ltr'><strong>Phaed.</strong></span> <span class='ocrx_word' id='word_1_276' title='bbox 990 2067 1035 2108; x_wconf 87' lang='lat' dir='ltr'><strong>p.</strong></span> <span class='ocrx_word' id='word_1_277' title='bbox 1055 2051 1157 2095; x_wconf 77' lang='grc'><strong>260.</strong></span> <span class='ocrx_word' id='word_1_278' title='bbox 1190 2051 1257 2095; x_wconf 75' lang='grc' dir='ltr'><strong>Οὐ</strong></span> <span class='ocrx_word' id='word_1_279' title='bbox 1289 2052 1418 2095; x_wconf 63' lang='grc' dir='ltr'>πείθω</span> <span class='ocrx_word' id='word_1_280' title='bbox 1453 2052 1656 2111; x_wconf 79' lang='grc' dir='ltr'><strong>Κρίτωνα,</strong></span> 
     </span>
    </p>
   </div>
   <div class='ocr_carea' id='block_1_7' title="bbox 139 2108 1728 2167">
    <p class='ocr_par' dir='ltr' id='par_1_8' title="bbox 139 2108 1728 2167">
     <span class='ocr_line' id='line_1_33' title="bbox 139 2108 1728 2167; baseline 0.005 -19"><span class='ocrx_word' id='word_1_281' title='bbox 139 2108 191 2149; x_wconf 73' lang='grc' dir='ltr'><strong>ὣς</strong></span> <span class='ocrx_word' id='word_1_282' title='bbox 211 2109 287 2158; x_wconf 68' lang='grc' dir='ltr'><strong>ἐγώ</strong></span> <span class='ocrx_word' id='word_1_283' title='bbox 306 2111 384 2158; x_wconf 77' lang='grc' dir='ltr'><strong><em>εἰμι</em></strong></span> <span class='ocrx_word' id='word_1_284' title='bbox 404 2112 511 2152; x_wconf 81' lang='grc' dir='ltr'><strong><em>οὗτος</em></strong></span> <span class='ocrx_word' id='word_1_285' title='bbox 530 2113 548 2151; x_wconf 81' lang='grc' dir='ltr'><strong>ὃ</strong></span> <span class='ocrx_word' id='word_1_286' title='bbox 568 2110 780 2167; x_wconf 74' lang='grc' dir='ltr'><strong><em>Σωκράτης</em></strong></span> <span class='ocrx_word' id='word_1_287' title='bbox 799 2113 816 2152; x_wconf 84' lang='grc' dir='ltr'><strong>ὅ</strong></span> <span class='ocrx_word' id='word_1_288' title='bbox 836 2111 908 2153; x_wconf 80' lang='grc' dir='ltr'><strong><em>νυνὶ</em></strong></span> <span class='ocrx_word' id='word_1_289' title='bbox 928 2111 1190 2161; x_wconf 68' lang='grc' dir='ltr'><strong>διαλεγόμενος</strong></span> <span class='ocrx_word' id='word_1_290' title='bbox 1214 2115 1299 2153; x_wconf 81' lang='lat' dir='ltr'><strong>etc.</strong></span> <span class='ocrx_word' id='word_1_291' title='bbox 1324 2124 1442 2153; x_wconf 73' lang='lat' dir='ltr'><strong>,nam</strong></span> <span class='ocrx_word' id='word_1_292' title='bbox 1461 2113 1526 2154; x_wconf 85' lang='lat' dir='ltr'><strong>ibi</strong></span> <span class='ocrx_word' id='word_1_293' title='bbox 1546 2114 1656 2155; x_wconf 80' lang='grc' dir='ltr'><strong>οὗτος</strong></span> <span class='ocrx_word' id='word_1_294' title='bbox 1726 2124 1728 2126; x_wconf 80' lang='grc'>’</span> 
     </span>
    </p>
   </div>
   <div class='ocr_carea' id='block_1_8' title="bbox 133 2165 1670 3034">
    <p class='ocr_par' dir='ltr' id='par_1_9' title="bbox 136 2165 1670 2514">
     <span class='ocr_line' id='line_1_34' title="bbox 139 2165 1652 2224; baseline 0.004 -18"><span class='ocrx_word' id='word_1_295' title='bbox 139 2165 250 2208; x_wconf 86' lang='lat' dir='ltr'><strong>item</strong></span> <span class='ocrx_word' id='word_1_296' title='bbox 280 2169 471 2222; x_wconf 86' lang='lat' dir='ltr'><strong>pertinet</strong></span> <span class='ocrx_word' id='word_1_297' title='bbox 497 2169 554 2210; x_wconf 86' lang='lat' dir='ltr'><strong>ad</strong></span> <span class='ocrx_word' id='word_1_298' title='bbox 574 2168 667 2218; x_wconf 74' lang='grc' dir='ltr'><strong>ἐγὼ,</strong></span> <span class='ocrx_word' id='word_1_299' title='bbox 699 2182 786 2211; x_wconf 91' lang='lat' dir='ltr'><strong>non</strong></span> <span class='ocrx_word' id='word_1_300' title='bbox 820 2169 877 2210; x_wconf 86' lang='lat' dir='ltr'><strong>ad</strong></span> <span class='ocrx_word' id='word_1_301' title='bbox 912 2168 1138 2224; x_wconf 71' lang='grc' dir='ltr'><strong><em>Σωκράτης.</em></strong></span> <span class='ocrx_word' id='word_1_302' title='bbox 1194 2167 1424 2211; x_wconf 82' lang='lat' dir='ltr'><strong>Demosth.</strong></span> <span class='ocrx_word' id='word_1_303' title='bbox 1458 2169 1514 2212; x_wconf 92' lang='lat' dir='ltr'><strong>de</strong></span> <span class='ocrx_word' id='word_1_304' title='bbox 1551 2170 1652 2212; x_wconf 88' lang='lat' dir='ltr'><strong>Cor.</strong></span> 
     </span>
     <span class='ocr_line' id='line_1_35' title="bbox 139 2223 1654 2283; baseline 0.005 -19"><span class='ocrx_word' id='word_1_305' title='bbox 139 2235 179 2264; x_wconf 85' lang='lat' dir='ltr'><strong>c.</strong></span> <span class='ocrx_word' id='word_1_306' title='bbox 200 2223 272 2266; x_wconf 90' lang='grc'><strong>34.</strong></span> <span class='ocrx_word' id='word_1_307' title='bbox 290 2223 461 2278; x_wconf 67' lang='grc' dir='ltr'>Ἐφάνην</span> <span class='ocrx_word' id='word_1_308' title='bbox 481 2227 600 2268; x_wconf 77' lang='grc' dir='ltr'><strong><em>τοίνυν</em></strong></span> <span class='ocrx_word' id='word_1_309' title='bbox 619 2226 726 2269; x_wconf 75' lang='grc' dir='ltr'><strong><em>οὗτος</em></strong></span> <span class='ocrx_word' id='word_1_310' title='bbox 747 2228 782 2267; x_wconf 84' lang='grc' dir='ltr'><strong>ἐν</strong></span> <span class='ocrx_word' id='word_1_311' title='bbox 810 2227 931 2283; x_wconf 78' lang='grc' dir='ltr'>ἐκείνῃ</span> <span class='ocrx_word' id='word_1_312' title='bbox 950 2231 1004 2283; x_wconf 78' lang='grc' dir='ltr'><strong>τῇ</strong></span> <span class='ocrx_word' id='word_1_313' title='bbox 1023 2227 1149 2282; x_wconf 67' lang='grc' dir='ltr'><strong>’ἡμέρᾳ</strong></span> <span class='ocrx_word' id='word_1_314' title='bbox 1169 2227 1260 2275; x_wconf 71' lang='grc' dir='ltr'><strong>ἐγώ.</strong></span> <span class='ocrx_word' id='word_1_315' title='bbox 1318 2227 1451 2282; x_wconf 84' lang='lat' dir='ltr'><strong>Apud</strong></span> <span class='ocrx_word' id='word_1_316' title='bbox 1469 2226 1654 2270; x_wconf 62' lang='lat' dir='ltr'><strong>latinos</strong></span> 
     </span>
     <span class='ocr_line' id='line_1_36' title="bbox 137 2278 1670 2338; baseline 0.003 -14"><span class='ocrx_word' id='word_1_317' title='bbox 137 2278 216 2323; x_wconf 75' lang='lat' dir='ltr'><strong>ille</strong></span> <span class='ocrx_word' id='word_1_318' title='bbox 232 2295 315 2338; x_wconf 87' lang='lat' dir='ltr'><strong>ego</strong></span> <span class='ocrx_word' id='word_1_319' title='bbox 332 2283 425 2325; x_wconf 84' lang='lat' dir='ltr'><strong>fere</strong></span> <span class='ocrx_word' id='word_1_320' title='bbox 445 2285 491 2326; x_wconf 90' lang='lat' dir='ltr'><strong>in</strong></span> <span class='ocrx_word' id='word_1_321' title='bbox 511 2285 781 2326; x_wconf 86' lang='lat' dir='ltr'><strong>contrarium</strong></span> <span class='ocrx_word' id='word_1_322' title='bbox 803 2297 979 2332; x_wconf 82' lang='lat' dir='ltr'><strong>sensum</strong></span> <span class='ocrx_word' id='word_1_323' title='bbox 997 2285 1173 2326; x_wconf 88' lang='lat' dir='ltr'><strong>dicitur.</strong></span> <span class='ocrx_word' id='word_1_324' title='bbox 1232 2282 1351 2326; x_wconf 90' lang='lat' dir='ltr'><strong>Nam</strong></span> <span class='ocrx_word' id='word_1_325' title='bbox 1382 2286 1460 2338; x_wconf 91' lang='lat' dir='ltr'><strong>qui</strong></span> <span class='ocrx_word' id='word_1_326' title='bbox 1491 2285 1670 2336; x_wconf 53' lang='lat' dir='ltr'><strong>sic„lo-‚</strong></span> 
     </span>
     <span class='ocr_line' id='line_1_37' title="bbox 136 2339 1662 2398; baseline 0.004 -18"><span class='ocrx_word' id='word_1_327' title='bbox 136 2339 306 2391; x_wconf 88' lang='lat' dir='ltr'><strong>quitur,</strong></span> <span class='ocrx_word' id='word_1_328' title='bbox 338 2342 508 2394; x_wconf 86' lang='lat' dir='ltr'><strong>aliquid</strong></span> <span class='ocrx_word' id='word_1_329' title='bbox 529 2343 596 2384; x_wconf 89' lang='lat' dir='ltr'><strong>vel</strong></span> <span class='ocrx_word' id='word_1_330' title='bbox 617 2355 765 2384; x_wconf 85' lang='lat' dir='ltr'><strong>severe</strong></span> <span class='ocrx_word' id='word_1_331' title='bbox 792 2343 861 2384; x_wconf 80' lang='lat' dir='ltr'><strong>vel</strong></span> <span class='ocrx_word' id='word_1_332' title='bbox 888 2343 1055 2384; x_wconf 88' lang='lat' dir='ltr'><strong>ironice</strong></span> <span class='ocrx_word' id='word_1_333' title='bbox 1072 2341 1127 2383; x_wconf 89' lang='lat' dir='ltr'><strong>de</strong></span> <span class='ocrx_word' id='word_1_334' title='bbox 1146 2354 1194 2383; x_wconf 89' lang='lat' dir='ltr'><strong>se</strong></span> <span class='ocrx_word' id='word_1_335' title='bbox 1210 2342 1436 2396; x_wconf 74' lang='lat' dir='ltr'><strong>praedicat,</strong></span> <span class='ocrx_word' id='word_1_336' title='bbox 1454 2344 1572 2398; x_wconf 91' lang='lat' dir='ltr'><strong>quod</strong></span> <span class='ocrx_word' id='word_1_337' title='bbox 1590 2343 1662 2385; x_wconf 63' lang='lat' dir='ltr'><strong>sit-</strong></span> 
     </span>
     <span class='ocr_line' id='line_1_38' title="bbox 138 2394 1651 2456; baseline 0.005 -20"><span class='ocrx_word' id='word_1_338' title='bbox 138 2394 188 2436; x_wconf 90' lang='lat' dir='ltr'><strong>in</strong></span> <span class='ocrx_word' id='word_1_339' title='bbox 207 2397 363 2450; x_wconf 80' lang='lat' dir='ltr'><strong>vulgus</strong></span> <span class='ocrx_word' id='word_1_340' title='bbox 384 2403 538 2441; x_wconf 90' lang='lat' dir='ltr'><strong>notum</strong></span> <span class='ocrx_word' id='word_1_341' title='bbox 557 2414 569 2447; x_wconf 84' lang='lat'>;</span> <span class='ocrx_word' id='word_1_342' title='bbox 600 2404 651 2441; x_wconf 94' lang='lat' dir='ltr'><strong>ut</strong></span> <span class='ocrx_word' id='word_1_343' title='bbox 671 2398 761 2442; x_wconf 89' lang='lat' dir='ltr'><strong>Cic.</strong></span> <span class='ocrx_word' id='word_1_344' title='bbox 782 2398 914 2441; x_wconf 87' lang='lat' dir='ltr'><strong>Catil.</strong></span> <span class='ocrx_word' id='word_1_345' title='bbox 937 2401 985 2441; x_wconf 93' lang='lat' dir='ltr'><strong>ii.</strong></span> <span class='ocrx_word' id='word_1_346' title='bbox 1006 2399 1049 2441; x_wconf 86' lang='lat'><strong>6.</strong></span> <span class='ocrx_word' id='word_1_347' title='bbox 1080 2398 1176 2456; x_wconf 86' lang='lat' dir='ltr'><strong>Ego</strong></span> <span class='ocrx_word' id='word_1_348' title='bbox 1207 2398 1424 2444; x_wconf 73' lang='lat' dir='ltr'><strong>vehemens</strong></span> <span class='ocrx_word' id='word_1_349' title='bbox 1450 2397 1526 2443; x_wconf 80' lang='lat' dir='ltr'><strong>ille</strong></span> <span class='ocrx_word' id='word_1_350' title='bbox 1552 2413 1651 2444; x_wconf 79' lang='lat' dir='ltr'><strong>oon-</strong></span> 
     </span>
     <span class='ocr_line' id='line_1_39' title="bbox 137 2451 1021 2514; baseline 0.007 -21"><span class='ocrx_word' id='word_1_351' title='bbox 137 2451 222 2502; x_wconf 73' lang='lat' dir='ltr'><strong>sul,</strong></span> <span class='ocrx_word' id='word_1_352' title='bbox 242 2453 321 2510; x_wconf 84' lang='lat' dir='ltr'><strong>qui</strong></span> <span class='ocrx_word' id='word_1_353' title='bbox 337 2455 459 2499; x_wconf 79' lang='lat' dir='ltr'><strong>verbo</strong></span> <span class='ocrx_word' id='word_1_354' title='bbox 478 2457 590 2499; x_wconf 73' lang='lat' dir='ltr'><strong>cives</strong></span> <span class='ocrx_word' id='word_1_355' title='bbox 602 2456 652 2499; x_wconf 82' lang='lat' dir='ltr'><strong>in</strong></span> <span class='ocrx_word' id='word_1_356' title='bbox 664 2455 863 2499; x_wconf 70' lang='lat' dir='ltr'><strong>exsilium</strong></span> <span class='ocrx_word' id='word_1_357' title='bbox 879 2455 1021 2514; x_wconf 56' lang='lat' dir='ltr'><strong>ejicio.</strong></span> 
     </span>
    </p>

    <p class='ocr_par' dir='ltr' id='par_1_10' title="bbox 134 2508 1651 2913">
     <span class='ocr_line' id='line_1_40' title="bbox 197 2508 1651 2571; baseline 0.005 -20"><span class='ocrx_word' id='word_1_358' title='bbox 197 2508 383 2554; x_wconf 87' lang='lat' dir='ltr'><strong>Prorsus</strong></span> <span class='ocrx_word' id='word_1_359' title='bbox 403 2515 467 2556; x_wconf 85' lang='lat' dir='ltr'><strong>sic</strong></span> <span class='ocrx_word' id='word_1_360' title='bbox 484 2519 530 2556; x_wconf 87' lang='lat' dir='ltr'><strong>et</strong></span> <span class='ocrx_word' id='word_1_361' title='bbox 546 2513 678 2556; x_wconf 89' lang='grc' dir='ltr'><strong>ΟΔΕ</strong></span> <span class='ocrx_word' id='word_1_362' title='bbox 696 2516 891 2569; x_wconf 90' lang='lat' dir='ltr'><strong>ponitur.</strong></span> <span class='ocrx_word' id='word_1_363' title='bbox 912 2513 1064 2570; x_wconf 85' lang='lat' dir='ltr'><strong>Odyss.</strong></span> <span class='ocrx_word' id='word_1_364' title='bbox 1084 2514 1136 2556; x_wconf 92' lang='grc' dir='ltr'><strong>Φ.</strong></span> <span class='ocrx_word' id='word_1_365' title='bbox 1155 2513 1256 2557; x_wconf 84' lang='grc'><strong>207.</strong></span> <span class='ocrx_word' id='word_1_366' title='bbox 1278 2513 1381 2571; x_wconf 20' lang='grc' dir='ltr'><strong>Ὅδ,ι</strong></span> <span class='ocrx_word' id='word_1_367' title='bbox 1407 2514 1526 2557; x_wconf 68' lang='grc' dir='ltr'><strong>αὑτὸς</strong></span> <span class='ocrx_word' id='word_1_368' title='bbox 1555 2516 1651 2566; x_wconf 67' lang='grc' dir='ltr'><strong>ἐγῶ,</strong></span> 
     </span>
     <span class='ocr_line' id='line_1_41' title="bbox 138 2568 1651 2630; baseline 0.004 -21"><span class='ocrx_word' id='word_1_369' title='bbox 138 2568 244 2609; x_wconf 67' lang='grc' dir='ltr'><strong>κακὰ</strong></span> <span class='ocrx_word' id='word_1_370' title='bbox 261 2570 400 2611; x_wconf 72' lang='grc' dir='ltr'><strong>πολλοὶ</strong></span> <span class='ocrx_word' id='word_1_371' title='bbox 426 2572 604 2620; x_wconf 72' lang='grc' dir='ltr'><strong><em>μογήσας</em></strong></span> <span class='ocrx_word' id='word_1_372' title='bbox 622 2570 810 2614; x_wconf 64' lang='grc' dir='ltr'><strong>”Ηλυὲον</strong></span> <span class='ocrx_word' id='word_1_373' title='bbox 840 2574 994 2630; x_wconf 76' lang='grc' dir='ltr'>εἰκοστῷ</span> <span class='ocrx_word' id='word_1_374' title='bbox 1012 2573 1094 2614; x_wconf 76' lang='grc' dir='ltr'><strong>ἕτεῖ</strong></span> <span class='ocrx_word' id='word_1_375' title='bbox 1120 2574 1159 2614; x_wconf 80' lang='grc' dir='ltr'><strong>ἐς</strong></span> <span class='ocrx_word' id='word_1_376' title='bbox 1188 2572 1363 2628; x_wconf 68' lang='grc' dir='ltr'><strong>πατρίδα</strong></span> <span class='ocrx_word' id='word_1_377' title='bbox 1380 2576 1524 2622; x_wconf 51' lang='lat' dir='ltr'><strong>visat«.</strong></span> <span class='ocrx_word' id='word_1_378' title='bbox 1570 2573 1651 2616; x_wconf 84' lang='lat' dir='ltr'><strong>So-</strong></span> 
     </span>
     <span class='ocr_line' id='line_1_42' title="bbox 137 2624 1651 2687; baseline 0.005 -21"><span class='ocrx_word' id='word_1_379' title='bbox 137 2624 315 2680; x_wconf 87' lang='lat' dir='ltr'><strong>phocles</strong></span> <span class='ocrx_word' id='word_1_380' title='bbox 336 2625 439 2670; x_wconf 87' lang='lat' dir='ltr'><strong>OEd.</strong></span> <span class='ocrx_word' id='word_1_381' title='bbox 457 2627 560 2683; x_wconf 84' lang='lat' dir='ltr'><strong>Tyr.</strong></span> <span class='ocrx_word' id='word_1_382' title='bbox 582 2628 683 2671; x_wconf 88' lang='grc'><strong>987.</strong></span> <span class='ocrx_word' id='word_1_383' title='bbox 716 2629 791 2679; x_wconf 72' lang='grc' dir='ltr'><strong>ἐγὼ</strong></span> <span class='ocrx_word' id='word_1_384' title='bbox 812 2629 845 2670; x_wconf 78' lang='grc' dir='ltr'><strong>δ’</strong></span> <span class='ocrx_word' id='word_1_385' title='bbox 866 2630 922 2670; x_wconf 79' lang='grc' dir='ltr'><strong>ὅδ’</strong></span> <span class='ocrx_word' id='word_1_386' title='bbox 941 2628 1073 2671; x_wconf 61' lang='grc' dir='ltr'>ἐνθάδε</span> <span class='ocrx_word' id='word_1_387' title='bbox 1091 2634 1174 2672; x_wconf 90' lang='lat' dir='ltr'><strong>etc.</strong></span> <span class='ocrx_word' id='word_1_388' title='bbox 1235 2629 1344 2672; x_wconf 87' lang='lat' dir='ltr'><strong>Haec</strong></span> <span class='ocrx_word' id='word_1_389' title='bbox 1375 2631 1431 2673; x_wconf 88' lang='lat' dir='ltr'><strong>de</strong></span> <span class='ocrx_word' id='word_1_390' title='bbox 1463 2630 1522 2672; x_wconf 75' lang='grc' dir='ltr'><strong>ὅδε</strong></span> <span class='ocrx_word' id='word_1_391' title='bbox 1548 2644 1651 2687; x_wconf 85' lang='lat' dir='ltr'><strong>sup-</strong></span> 
     </span>
     <span class='ocr_line' id='line_1_43' title="bbox 134 2682 1648 2743; baseline 0.005 -19"><span class='ocrx_word' id='word_1_392' title='bbox 134 2682 310 2737; x_wconf 85' lang='lat' dir='ltr'><strong>peditat</strong></span> <span class='ocrx_word' id='word_1_393' title='bbox 339 2683 479 2740; x_wconf 89' lang='lat' dir='ltr'><strong>Toup.</strong></span> <span class='ocrx_word' id='word_1_394' title='bbox 510 2685 754 2729; x_wconf 88' lang='lat' dir='ltr'><strong>Emendatt.</strong></span> <span class='ocrx_word' id='word_1_395' title='bbox 790 2688 838 2729; x_wconf 93' lang='lat' dir='ltr'><strong>in</strong></span> <span class='ocrx_word' id='word_1_396' title='bbox 873 2687 1072 2736; x_wconf 69' lang='lat' dir='ltr'><strong>Sumam,</strong></span> <span class='ocrx_word' id='word_1_397' title='bbox 1102 2686 1149 2730; x_wconf 92' lang='lat' dir='ltr'><strong>P.</strong></span> <span class='ocrx_word' id='word_1_398' title='bbox 1170 2689 1218 2729; x_wconf 90' lang='lat' dir='ltr'><strong>ii.</strong></span> <span class='ocrx_word' id='word_1_399' title='bbox 1237 2702 1284 2743; x_wconf 86' lang='lat' dir='ltr'><strong>p.</strong></span> <span class='ocrx_word' id='word_1_400' title='bbox 1305 2686 1406 2730; x_wconf 81' lang='lat'><strong>283.</strong></span> <span class='ocrx_word' id='word_1_401' title='bbox 1432 2689 1502 2730; x_wconf 89' lang='lat' dir='ltr'><strong>ed.</strong></span> <span class='ocrx_word' id='word_1_402' title='bbox 1522 2687 1648 2743; x_wconf 88' lang='lat' dir='ltr'><strong>Lips.</strong></span> 
     </span>
     <span class='ocr_line' id='line_1_44' title="bbox 138 2738 1649 2800; baseline 0.004 -19"><span class='ocrx_word' id='word_1_403' title='bbox 138 2738 184 2781; x_wconf 83' lang='lat' dir='ltr'><strong>Is</strong></span> <span class='ocrx_word' id='word_1_404' title='bbox 202 2745 248 2782; x_wconf 85' lang='lat' dir='ltr'><strong>et</strong></span> <span class='ocrx_word' id='word_1_405' title='bbox 267 2744 387 2798; x_wconf 91' lang='lat' dir='ltr'><strong>apud</strong></span> <span class='ocrx_word' id='word_1_406' title='bbox 407 2741 680 2800; x_wconf 87' lang='lat' dir='ltr'><strong>Euripidem,</strong></span> <span class='ocrx_word' id='word_1_407' title='bbox 710 2743 857 2799; x_wconf 83' lang='lat' dir='ltr'><strong>Iphig.</strong></span> <span class='ocrx_word' id='word_1_408' title='bbox 878 2745 925 2786; x_wconf 90' lang='lat' dir='ltr'><strong>in</strong></span> <span class='ocrx_word' id='word_1_409' title='bbox 942 2744 1077 2788; x_wconf 83' lang='lat' dir='ltr'><strong>Taur.</strong></span> <span class='ocrx_word' id='word_1_410' title='bbox 1097 2745 1199 2789; x_wconf 81' lang='lat'><strong>343.</strong></span> <span class='ocrx_word' id='word_1_411' title='bbox 1221 2748 1269 2788; x_wconf 90' lang='lat' dir='ltr'><strong>in</strong></span> <span class='ocrx_word' id='word_1_412' title='bbox 1290 2746 1433 2788; x_wconf 89' lang='lat' dir='ltr'><strong>verbis</strong></span> <span class='ocrx_word' id='word_1_413' title='bbox 1451 2744 1519 2787; x_wconf 69' lang='grc' dir='ltr'><strong>Τὰ</strong></span> <span class='ocrx_word' id='word_1_414' title='bbox 1538 2747 1573 2787; x_wconf 79' lang='grc' dir='ltr'><strong>δ’</strong></span> <span class='ocrx_word' id='word_1_415' title='bbox 1592 2748 1649 2788; x_wconf 76' lang='grc' dir='ltr'><strong>ἐν-</strong></span> 
     </span>
     <span class='ocr_line' id='line_1_45' title="bbox 136 2794 1649 2858; baseline 0.005 -20"><span class='ocrx_word' id='word_1_416' title='bbox 136 2794 228 2844; x_wconf 66' lang='grc' dir='ltr'><strong>θάδ’</strong></span> <span class='ocrx_word' id='word_1_417' title='bbox 256 2800 376 2855; x_wconf 41' lang='grc' dir='ltr'><strong>ἡμεῖςμ</strong></span> <span class='ocrx_word' id='word_1_418' title='bbox 397 2800 459 2842; x_wconf 72' lang='grc' dir='ltr'><strong>οἵα</strong></span> <span class='ocrx_word' id='word_1_419' title='bbox 487 2800 763 2855; x_wconf 63' lang='grc' dir='ltr'><strong>φροντιούμεθα</strong></span> <span class='ocrx_word' id='word_1_420' title='bbox 791 2815 872 2858; x_wconf 87' lang='lat' dir='ltr'><strong>pro</strong></span> <span class='ocrx_word' id='word_1_421' title='bbox 900 2804 1013 2852; x_wconf 73' lang='grc' dir='ltr'><em>ἡμεῖς</em></span> <span class='ocrx_word' id='word_1_422' title='bbox 1039 2802 1101 2845; x_wconf 79' lang='grc' dir='ltr'><strong>οῖσι</strong></span> <span class='ocrx_word' id='word_1_423' title='bbox 1129 2807 1258 2846; x_wconf 85' lang='lat' dir='ltr'><strong>acute</strong></span> <span class='ocrx_word' id='word_1_424' title='bbox 1285 2808 1331 2845; x_wconf 90' lang='lat' dir='ltr'><strong>et</strong></span> <span class='ocrx_word' id='word_1_425' title='bbox 1356 2803 1649 2858; x_wconf 85' lang='lat' dir='ltr'><strong>probabiliter</strong></span> 
     </span>
     <span class='ocr_line' id='line_1_46' title="bbox 134 2859 806 2913; baseline 0.009 -18"><span class='ocrx_word' id='word_1_426' title='bbox 134 2859 285 2899; x_wconf 71' lang='lat' dir='ltr'><strong>censet</strong></span> <span class='ocrx_word' id='word_1_427' title='bbox 303 2859 603 2913; x_wconf 88' lang='lat' dir='ltr'><strong>reponendum</strong></span> <span class='ocrx_word' id='word_1_428' title='bbox 622 2860 696 2908; x_wconf 72' lang='grc' dir='ltr'><strong>ἡμ.</strong></span> <span class='ocrx_word' id='word_1_429' title='bbox 718 2859 806 2901; x_wconf 73' lang='grc' dir='ltr'><strong>οἵδε.</strong></span> 
     </span>
    </p>

    <p class='ocr_par' dir='ltr' id='par_1_11' title="bbox 133 2910 1655 3034">
     <span class='ocr_line' id='line_1_47' title="bbox 152 2910 1647 2973; baseline 0.005 -20"><span class='ocrx_word' id='word_1_430' title='bbox 152 2952 157 2954; x_wconf 68' lang='grc'><strong>,</strong></span> <span class='ocrx_word' id='word_1_431' title='bbox 191 2910 232 2954; x_wconf 86' lang='grc'><strong>2.</strong></span> <span class='ocrx_word' id='word_1_432' title='bbox 259 2912 446 2958; x_wconf 87' lang='lat' dir='ltr'><strong>Prorsus</strong></span> <span class='ocrx_word' id='word_1_433' title='bbox 466 2918 659 2959; x_wconf 87' lang='lat' dir='ltr'><strong>otiosum</strong></span> <span class='ocrx_word' id='word_1_434' title='bbox 678 2918 818 2960; x_wconf 88' lang='lat' dir='ltr'><strong>videri</strong></span> <span class='ocrx_word' id='word_1_435' title='bbox 837 2922 984 2973; x_wconf 89' lang='lat' dir='ltr'><strong>potest</strong></span> <span class='ocrx_word' id='word_1_436' title='bbox 1002 2918 1125 2967; x_wconf 78' lang='grc' dir='ltr'><em>ὸῦτος,</em></span> <span class='ocrx_word' id='word_1_437' title='bbox 1160 2919 1255 2967; x_wconf 90' lang='lat' dir='ltr'><strong>ubi,</strong></span> <span class='ocrx_word' id='word_1_438' title='bbox 1286 2919 1402 2961; x_wconf 85' lang='lat' dir='ltr'><strong>sicut</strong></span> <span class='ocrx_word' id='word_1_439' title='bbox 1432 2917 1533 2961; x_wconf 83' lang='lat' dir='ltr'><strong>Lat.</strong></span> <span class='ocrx_word' id='word_1_440' title='bbox 1555 2915 1647 2965; x_wconf 79' lang='lat' dir='ltr'><strong>ille,</strong></span> 
     </span>
     <span class='ocr_line' id='line_1_48' title="bbox 133 2967 1655 3034; baseline 0.003 -19"><span class='ocrx_word' id='word_1_441' title='bbox 133 2967 355 3024; x_wconf 75' lang='lat' dir='ltr'><strong>significat</strong></span> <span class='ocrx_word' id='word_1_442' title='bbox 385 2977 534 3020; x_wconf 82' lang='lat' dir='ltr'><strong>notam</strong></span> <span class='ocrx_word' id='word_1_443' title='bbox 562 2977 627 3019; x_wconf 87' lang='lat' dir='ltr'><strong>rei</strong></span> <span class='ocrx_word' id='word_1_444' title='bbox 666 2977 1031 3031; x_wconf 83' lang='lat' dir='ltr'><strong>magnitudinem.</strong></span> <span class='ocrx_word' id='word_1_445' title='bbox 1088 2974 1291 3034; x_wconf 88' lang='lat' dir='ltr'><strong>Xenoph.</strong></span> <span class='ocrx_word' id='word_1_446' title='bbox 1311 2975 1372 3019; x_wconf 92' lang='lat' dir='ltr'><strong>H.</strong></span> <span class='ocrx_word' id='word_1_447' title='bbox 1395 2976 1474 3020; x_wconf 82' lang='lat' dir='ltr'><strong>Gr.</strong></span> <span class='ocrx_word' id='word_1_448' title='bbox 1498 2977 1576 3020; x_wconf 83' lang='lat' dir='ltr'><strong>vii.</strong></span> <span class='ocrx_word' id='word_1_449' title='bbox 1600 2975 1655 3033; x_wconf 86' lang='lat'><strong>3,</strong></span> 
     </span>
    </p>
   </div>
   <div class='ocr_carea' id='block_1_9' title="bbox 1305 3042 1384 3085">
    <p class='ocr_par' dir='ltr' id='par_1_12' title="bbox 1305 3042 1384 3085">
     <span class='ocr_line' id='line_1_49' title="bbox 1305 3042 1384 3085; baseline 0 0"><span class='ocrx_word' id='word_1_450' title='bbox 1305 3042 1384 3085; x_wconf 66' lang='lat' dir='ltr'><strong>&#39;a</strong></span> 
     </span>
    </p>
   </div>
  </div>
 </body>
</html>
