1838 3164
200 129 259 172 34
727 146 922 182 ELmPsls
943 143 1175 181 NOMINUM.

202 256 292 297 sqq.
367 243 509 294 Certe,
538 246 627 289 sive
655 246 936 301 συναλιζόμενος
966 247 1097 302 (quod
1126 244 1301 287 omnino
1332 254 1610 297 synonymum
1640 247 1705 286 est

203 301 324 343 verbi
366 302 605 346 συνελθόντες
638 318 680 349 v.
715 305 777 360 6.)
806 307 953 347 reddes
989 301 1248 349 conveniens,
1283 301 1374 343 sive
1413 305 1704 357 congregatus,

201 358 315 412 quod
340 360 490 402 eodem
517 362 648 410 redit,
679 376 757 404 nec
793 361 945 410 αὐτοὺς,
985 375 1062 403 nec
1099 361 1188 408 μετ’
1229 361 1353 401 αὐτῶν
1385 359 1598 413 suppleas,
1630 368 1704 400 ne·

200 429 314 458 cesse
347 421 425 466 est,
468 420 541 460 sed
571 423 714 468 αὐτοῖς,
754 421 867 472 quod
893 423 990 474 post
1015 418 1274 473 παρήγγειλεν
1308 416 1442 457 adest.
1512 413 1562 457 Id
1586 417 1706 459 enim

201 474 257 515 ab
282 477 459 528 utroque
486 477 613 519 verbo
649 478 833 531 pendet:
877 490 904 518 a
944 476 1102 531 priore,
1139 475 1196 516 ob
1227 474 1580 528 compositionem
1606 480 1706 516 oum

199 533 505 586 praepositione
543 532 620 583 σὺν,
650 538 725 576 aut
754 546 1020 576 communem
1049 533 1166 574 verbi
1197 531 1353 586 passivi
1382 542 1531 578 usum;
1574 542 1602 571 a
1629 539 1706 586 po-

198 591 375 631 steriore
403 605 504 632 vero
534 595 738 644 tanquam
767 604 794 631 a
821 592 951 632 verbo
977 590 1174 643 jubendi.
1205 588 1337 630 Plene
1367 589 1500 641 igitur
1527 588 1703 630 reddes:

197 652 238 687 et
257 655 530 704 congregatus
559 662 651 690 cum
676 647 765 690 illis
784 647 981 704 praecepit
1005 646 1123 688 illis:
1151 646 1282 700 plane
1312 650 1362 687 ut
1391 644 1495 687 Joh.
1526 658 1598 687 xx.
1629 645 1702 687 22.

197 703 354 755 ἐφύσησε
386 706 449 746 καὶ
483 708 585 754 λέγει
615 709 757 756 αὐτοῖς,
786 705 964 761 adflavit
984 703 1094 751 illos,
1126 708 1166 744 et
1196 702 1308 746 discit
1336 702 1435 745 illis.
1495 702 1562 744 Ita
1591 703 1706 758 apud

197 758 431 804 Libanlum
448 761 529 819 Ep.
547 763 647 806 382.
671 768 757 806 est:
790 768 969 805 κινοῦντος
998 761 1055 809 δὲ,
1077 760 1169 802 scil.
1193 764 1326 809 αὐτοῦ,
1348 763 1377 802 εἰ
1405 759 1467 810 μὴ
1485 762 1703 818 προσέχεις.

195 815 244 859 F‘
266 817 343 861 ST'
672 880 694 904 ε
715 873 954 924 ΑὙΧΗΝ,
975 872 1091 918 CER
1102 873 1225 918 ΠΧ.

251 948 303 991 Jn
333 954 513 1007 α’νακλᾷν.
573 953 803 994 Athenaeus
835 951 864 991 l.
897 950 992 992 xiii.
1023 964 1069 1006 p.
1100 950 1199 994 603.
1229 953 1559 1007 οὖς-καταφιλεῖν
1588 951 1703 994 αὐτὸν

192 1009 476 1058 ἀνακλάσαντα,
508 1023 540 1051 S.
571 1010 632 1048 τὸν
661 1010 824 1061 αὐχένα.
897 1005 1115 1052 Homerus
1144 1008 1271 1051 Illad'.
1303 1009 1358 1051 A.
1390 1025 1432 1053 V.
1466 1009 1567 1052 459.
1638 1008 1704 1051 A&

190 1065 319 1119 ’ἔρυσαν
337 1068 407 1114 μὲν
424 1070 578 1121 πρῶτα.
599 1067 675 1107 ubi
695 1067 827 1107 schol.
850 1064 927 1107 Gr.
948 1065 1011 1107 τὸν
1041 1068 1241 1125 τράχηλον
1260 1071 1327 1110 τοῦ
1347 1064 1530 1117 θυομένου
1557 1066 1700 1123 ἱερείου.

188 1120 322 1163 Plene
340 1126 404 1163 est
423 1123 537 1176 apud
555 1123 800 1165 Aristaenet.
820 1124 850 1165 l.
874 1125 904 1165 i.
937 1137 1006 1179 ep.
1043 1123 1108 1166 16.
1140 1127 1320 1167 ἀνέκλασε
1342 1125 1439 1182 πρὸς
1469 1125 1609 1168 ἑαυτὴν
1639 1122 1703 1166 τὸν

187 1181 349 1231 αὐχένα.
373 1178 446 1232 [ad
462 1192 504 1231 q.
523 1181 551 1221 l.
584 1181 789 1223 Abresch.
822 1179 940 1223 Lect.
973 1195 1019 1237 p.
1057 1182 1151 1225 107.
1185 1188 1214 1208 “
1236 1177 1303 1225 De
1330 1184 1373 1226 vi
1401 1185 1444 1226 et
1470 1193 1550 1225 usu
1581 1174 1702 1224 verbi

186 1238 353 1289 ἀνακλᾷν
386 1237 455 1277 adi
485 1235 551 1278 Cl.
586 1238 807 1280 Dukerum
837 1240 892 1281 ad
916 1238 1051 1283 Thue.
1083 1242 1158 1282 vii.
1189 1253 1284 1295 cap.
1316 1240 1388 1283 25.
1429 1245 1472 1282 et
1503 1239 1697 1282 Gronov.

185 1294 259 1333 lib.
294 1294 351 1335 iv.
386 1292 561 1336 Observ.
596 1310 692 1351 cap.
723 1297 860 1338 xxii.'’
890 1297 1115 1353 Senum]
1148 1297 1328 1340 Lucian.
1359 1303 1392 1340 t.
1422 1298 1490 1340 iii.
1521 1312 1566 1354 p.
1594 1296 1696 1340 284.

185 1352 403 1392 ἀνακλάσας
434 1351 493 1392 τὸν
523 1356 672 1406 αὐχένα
702 1357 772 1398 τῆς
802 1353 949 1396 Θαΐδος
988 1358 1161 1409 ἐφίλησεν
1188 1356 1286 1397 οὕτω
1323 1360 1540 1412 προσφυῶς.
1615 1354 1700 1396 Pro

185 1407 316 1460 αὐχὴν
344 1407 583 1463 Aleiphron
614 1412 746 1454 habet
775 1413 908 1455 etiam
934 1412 1035 1469 δέρη.
1065 1414 1094 1455 l.
1126 1415 1156 1455 i.
1192 1427 1260 1468 ep.
1283 1414 1437 1457 xxviii.
1476 1415 1607 1469 ἐπειρῶ
1627 1411 1699 1455 τὴν

184 1463 288 1519 δέρην
317 1468 535 1509 α’νακλάσας
563 1473 687 1511 κῦσαι.
719 1483 761 1511 v.
796 1468 1045 1524 Berglerum
1071 1471 1126 1512 ad
1156 1472 1199 1513 h.
1231 1472 1261 1512 l.
1285 1473 1352 1513 cui
1380 1472 1470 1514 haec
1489 1470 1605 1525 grati
1625 1469 1698 1511 de-

182 1521 344 1566 bemus.
387 1523 601 1569 ScnwEB.
661 1527 810 1584 [quem
828 1529 929 1570 vide
943 1530 1079 1573 etiam
1094 1529 1140 1570 in
1162 1528 1360 1585 Praefat]

861 1674 867 1675 ⁷
915 1660 968 1703 B.

438 1757 708 1810 ΒΑΔΙΣΙΣ,
740 1759 1038 1815 INCESSUS,
1069 1763 1136 1804 vel
1160 1759 1435 1804 GRESSUS.

238 1829 469 1875 Genitivus
499 1835 617 1876 vocis
646 1833 792 1884 βάδισις
820 1837 1009 1888 intelligi
1040 1839 1186 1891 potest
1213 1837 1259 1877 in
1279 1834 1339 1876 διὰ
1372 1833 1554 1889 ταχείας,
1582 1830 1707 1887 quod'

180 1891 246 1928 est
265 1890 378 1944 apud
399 1888 569 1933 Philon.
590 1893 635 1933 in
665 1891 806 1935 Flacc.
825 1907 871 1949 p.
902 1893 1001 1936 967.
1065 1891 1160 1950 [Ἐκ
1181 1895 1347 1947 ταχείας
1373 1893 1508 1948 hebet
1527 1891 1696 1946 Sopho-

181 1946 266 1986 cles
303 1946 508 1990 Trachin.
541 1949 642 1991 395.
673 1953 721 1993 ὦς
751 1954 792 1992 ἐκ
823 1953 990 2005 ταχείας
1106 1953 1242 2004 ᾄσσεις.
1271 1951 1347 1992 ubi
1387 1949 1693 2002 Musgraviu83

181 2008 210 2026 “
231 2001 307 2045 Est
337 2017 418 2058 pro
448 2008 489 2046 ἐκ
518 2011 677 2061 ταχέος.
754 2008 862 2051 Vide
892 2013 1109 2051 annotata
1146 2009 1202 2050 ad
1235 2008 1392 2062 Antig.
1439 2005 1562 2048 1006.
1600 2006 1696 2060 qui-

179 2059 259 2101 bus
288 2062 400 2103 adde
433 2061 475 2112 ἐξ
514 2067 682 2108 ἑκουσίας
718 2067 847 2120 hujus
875 2066 984 2109 Fab.
1020 2066 1147 2109 74Ο.”
1230 2066 1404 2108 Similia
1436 2063 1692 2107 Erfurtstius.
1712 2087 1732 2106 ι

181 2114 407 2174 SCHAEF]
465 2119 741 2165 Accusativus
773 2126 888 2167 vocis
920 2125 1115 2179 ejusdem
1144 2137 1234 2165 una
1261 2136 1358 2166 curn
1387 2106 1713 2178 praepositione(

180 2175 284 2215 κατα
314 2178 567 2220 subauditur
597 2181 643 2221 in
689 2182 758 2224 τὴν
789 2185 1001 2236 ταχίστην,
1038 2182 1153 2236 quod
1195 2182 1383 2237 breviter
1418 2184 1463 2233 et
1500 2179 1695 2233 elliptie‘e

178 2231 337 2273 (licitur
355 2247 433 2287 pro
457 2237 561 2277 κατά
579 2238 649 2280 την
670 2241 866 2292 ταχίστην
885 2240 1045 2289 βάδισιν,
1066 2237 1193 2282 celeri
1212 2251 1374 2294 gressu.
1434 2236 1508 2279 Sic
1528 2235 1690 2278 AEllan.

177 2285 281 2331 Var.
316 2289 430 2332 Hist.
459 2293 486 2356 ii
517 2294 585 2335 32.
630 2294 686 2336 Oi
706 2296 744 2337 δὲ
774 2299 844 2341 τὴν
876 2299 1072 2352 ταχίστην
1100 2296 1419 2353 προσδραμόντες.
1482 2292 1560 2336 Illi
1594 2299 1693 2336 vero

179 2347 545 2400 quumcelerrzmo
566 2353 843 2397 accurrissent
862 2356 1068 2411 (gressu.)
1100 2354 1363 2410 [Xenophon
1384 2351 1572 2394 Memor.
1593 2351 1626 2393 i.
1647 2351 1693 2401 2,

177 2401 249 2443 23.
268 2404 338 2446 την
362 2408 555 2459 ταχίστην
574 2413 727 2453 ἑαυταῖς
746 2429 787 2453 τε
810 2414 872 2454 καὶ
893 2419 947 2470 τῷ
966 2416 1116 2462 σώματι
1135 2410 1385 2469 χαρίζεσθαι.
1447 2409 1520 2452 Sic
1549 2407 1693 2451 Xeno-

177 2461 299 2513 phon
329 2465 493 2517 saepius.
555 2465 806 2512 Plutarchus
839 2470 950 2513 Mor.
978 2475 1010 2512 t.
1042 2472 1072 2511 i.
1102 2483 1147 2525 p.
1176 2469 1247 2511 46.
1277 2469 1342 2510 καὶ
1372 2469 1557 2524 μετέωρον
1578 2465 1694 2508 αὐτὸν

118 2576 120 2579 ἡ
177 2518 369 2572 ἀράμενοι,
397 2521 467 2564 την
487 2525 680 2575 ταχίστην
704 2526 903 2577 ἐξοίσομεν.
963 2527 1015 2570 In
1044 2527 1278 2574 Codicibus
1298 2527 1464 2581 passim
1484 2525 1694 2578 scriptum

175 2577 368 2628 reperias
389 2582 666 2632 τηνταχίστην.
728 2584 827 2627 Vid.
850 2585 1113 2640 Wesseling.
1135 2587 1191 2627 ad
1207 2584 1391 2627 Diodor.
1414 2583 1502 2624 Sic.
1521 2586 1552 2623 t.
1573 2582 1621 2623 ii.
1642 2594 1688 2636 p.

176 2630 277 2673 498.
302 2647 340 2674 a.
360 2634 582 2692 SanEF]
645 2639 847 2684 Comicus
869 2645 915 2685 in
939 2643 1066 2685 Pluto
1086 2658 1131 2698 p.
1153 2642 1225 2685 37.
1247 2655 1325 2697 per
1350 2643 1533 2699 figuram
1565 2639 1600 2680 ἓν
1631 2637 1692 2679 διαὶ

176 2686 288 2738 δυοῖν,
310 2696 361 2747 τῇ
380 2693 524 2740 βαδίσει
543 2695 606 2735 καὶ
638 2703 692 2753 τῷ
712 2700 844 2752 τάχει,
865 2700 1030 2743 incessu
1059 2707 1100 2743 et
1123 2699 1351 2748 celeritate,
1384 2699 1497 2740 dixit
1515 2709 1612 2752 pro,
1636 2699 1690 2751 Τῇ

172 2745 318 2816 βαδίσει
345 2755 508 2806 ταχινῇ,
540 2750 705 2795 incessu
734 2756 874 2799 celeri.
934 2758 1032 2805 Vel,
1066 2759 1102 2800 si
1139 2759 1291 2806 mavis,
1313 2756 1512 2809 intellige
1541 2765 1692 2796 vocem

175 2801 265 2844 οδόν.
325 2803 506 2859 Ταχεῖαν
535 2809 612 2850 ὁδὸν
636 2812 747 2853 dixit
764 2813 994 2869 Dionysius
1022 2814 1169 2859 Halic.
1192 2818 1221 2858 l.
1241 2816 1332 2857 viii.
1353 2828 1398 2870 p.
1421 2812 1540 2865 506.ιι
1586 2809 1690 2866 [Xe-

173 2861 352 2915 nophon
368 2863 511 2908 Anab.
532 2867 564 2908 i.
583 2867 627 2917 2,
645 2868 712 2911 20.
740 2868 944 2914 Ἐντεῦθεν
963 2875 981 2912 ὁ
1003 2871 1132 2930 Κῦρος
1148 2871 1220 2919 την
1239 2871 1429 2918 Κίλισσαν
1446 2872 1498 2914 εἷς
1509 2865 1693 2913 Κιλικίαν

172 2919 393 2970 ἀποπέμπει
412 2922 484 2968 τὴν
500 2926 696 2980 ταχίστην
714 2926 808 2971 ὁδόν.
840 2929 1067 2988 8οΗΑΕΕ·]
