1838 3164
63 788 76 796 ι»

51 792 117 867 ’ἓν

76 868 85 875 ⁵

500 127 829 172 ‘PL‘EONASMI'
843 120 1266 199 Apvnnmomm.
1459 185 1462 195 ἱ
1589 126 1649 170 93

120 231 199 278 ,πά
230 235 344 282 hanc
371 239 511 299 ipsam
552 242 725 287 Troiam
752 254 798 285 se
820 254 999 300 pascere
1024 241 1229 299 proemiiS.
1289 241 1363 284 Sic
1393 246 1440 285 et
1458 241 1510 286 Σ.
1539 243 1645 287 330.

136 291 354 341 Theocrit.
386 313 488 343 xxv.
511 301 609 345 170.
638 315 679 345 s.
698 299 870 356 ’‘Ag-7205
903 301 945 352 ἐξ
975 303 1006 343 a
1046 303 1081 342 το
1110 298 1289 342 αὐτόθεν.
1347 297 1551 355 Xenoph.
1583 301 1646 343 H.

139 349 223 398 (ΞΒ,
250 355 289 397 ἐν
306 361 363 413 τῇ
379 355 649 413 Τεγέᾆαῦτοΰ
667 361 956 406 καταμένοντες.
1049 358 1129 400 lat.
1148 358 1234 399 vol.
1256 372 1298 400 v.
1319 371 1364 412 p.
1383 357 1427 398 8.
1462 362 1582 401 αὐτοῦ
1603 376 1644 400 σε

137 407 198 450 δεῖ
209 410 440 457 δυναστεύειν
453 417 489 458 ἐν
504 415 691 472 Εὐρώπῃ.
748 415 903 458 Simile
920 419 989 459 est
1001 417 1087 457 vol.
1107 416 1173 457 iii.
1192 429 1237 470 p.
1260 415 1303 457 5.
1334 413 1504 458 εντεῧῦεν
1523 414 1646 457 πόθεν

135 466 285 510 elohin
304 469 433 515 Χίους
463 473 492 515 i.
511 487 551 516 e.
571 471 678 515 inde
698 471 877 516 oriundi
892 478 1009 522 sunt,
1033 486 1091 516 ex
1107 471 1256 528 ignoto
1286 470 1434 528 aliquo
1464 472 1557 516 loco
1576 472 1646 514 in-

137 523 239 567 αἰῶ
257 525 372 572 chii.
429 529 506 573 Sic
536 529 692 584 Cicero
727 543 807 586 pro
837 530 968 574 Rosc.
985 530 1086 574 Am.
1119 529 1194 573 27.
1223 529 1415 573 indidem
1448 529 1643 579 Ameria,

137 580 169 623 i.
189 595 230 626 e.
250 598 308 627 ex
325 587 476 629 eodem
494 585 659 643 oppido
676 587 882 637 Ameriae,
918 591 966 631 in
984 602 1074 643 quo
1092 591 1223 630 natus
1241 592 1311 630 est
1328 586 1529 632 Roscius.
1587 586 1646 630 Et

137 637 288 696 Nepos
315 644 423 686 item
450 643 608 700 Epam.
643 645 681 687 5.
716 645 912 688 indidem
950 645 1104 689 flebis
1140 647 1171 688 i.
1191 659 1228 688 e.
1265 659 1320 688 ex
1349 646 1500 688 eadem
1536 647 1646 688 urbe

136 693 404 750 Thebarum,
434 703 510 744 ubi
531 701 860 758 Epaminondas
878 706 1007 746 natus
1036 709 1140 746 erat.
1200 702 1406 745 Ceterum
1435 705 1647 757 quoniam

135 753 201 796 sic
216 764 461 811 posuerunt
471 760 746 808 adverbium,
766 762 884 815 quod
901 762 1108 817 exprimit
1126 765 1295 803 motum
1314 761 1361 803 in
1378 762 1474 803 loco
1490 761 1651 818 (αὐτοῦ)

137 815 320 868 etquod
339 821 509 859 motum
538 831 593 860 ex
611 819 706 861 loco
734 817 965 873 (aord5sv):
997 832 1083 862 non
1115 823 1202 868 est,
1233 819 1352 872 quod
1378 819 1649 866 dubitemus,

133 871 247 922 quin
264 876 312 915 et
330 874 583 918 adverbium
604 880 750 919 motus
767 878 814 918 in
833 877 991 926 locum,
1012 878 1167 925 αὐτόσε,
1194 877 1349 919 eodem
1368 877 1498 919 modo
1516 890 1646 933 posu-

136 929 256 970 erint
274 931 445 985 adjecto
463 934 561 988 ipso
579 934 663 975 loci
685 935 876 976 nomine.

196 985 241 1029 2.
272 986 476 1032 Occurrit
493 995 539 1032 et
557 990 720 1032 αὐτόθεν
740 991 896 1041 εὐθέως,
916 1006 970 1034 ez·
986 1005 1036 1034 eo
1050 991 1144 1048 ipso
1164 997 1347 1049 tmpore
1362 990 1510 1034 statim
1521 1006 1538 1033 .-
1568 991 1647 1035 Po-

141 1042 229 1097 lyb.
263 1043 465 1102 Excerpt.
495 1049 551 1090 de
582 1050 822 1091 virtutibus
853 1054 900 1092 et
933 1051 1055 1092 vitiis
1085 1063 1128 1105 p.
1156 1049 1250 1091 115.
1305 1047 1356 1091 In
1371 1050 1460 1092 illis
1486 1051 1650 1092 alteru-

139 1104 260 1145 trum
278 1104 318 1146 si
331 1107 433 1159 quis
450 1107 611 1149 statuit
635 1107 878 1157 abundare,
909 1111 1027 1150 certe
1044 1106 1256 1162 dijudicet
1272 1107 1355 1158 ita,
1387 1112 1440 1151 ut
1458 1109 1650 1151 ostendi-

141 1171 240 1203 mus
259 1157 374 1217 Isag.
389 1164 425 1217 §.
448 1162 488 1206 7.
879 1205 899 1210 ,

441 1235 503 1271 ⁰¹²3
854 1236 950 1282 ΑΨ.

198 1332 438 1378 Abundare
457 1336 539 1378 hoc
556 1335 721 1380 dicitur
738 1337 787 1380 in
806 1337 933 1388 locis,
951 1337 1095 1392 qualis
1115 1342 1183 1381 est
1201 1336 1327 1381 Iliad.
1350 1338 1404 1380 Λ.
1424 1337 1526 1382 440.
1549 1337 1652 1390 *Αψ

128 1387 183 1431 ’δ’
209 1393 467 1448 ἀναχωρήσας
497 1426 510 1436 .
533 1425 546 1436 .
569 1425 582 1437 .
610 1396 742 1438 ἔειπεν.
800 1395 1025 1438 Nimirum
1055 1399 1266 1451 ἀναχωρεῖν
1291 1397 1386 1449 Jam
1403 1409 1483 1451 per
1510 1411 1558 1440 se
1585 1401 1657 1439 est

138 1453 253 1491 retro
288 1449 451 1499 cedere,
481 1455 534 1494 ut
564 1452 773 1504 adverbio
806 1451 873 1500 ἂψ
904 1466 993 1496 non
1025 1466 1138 1508 opus
1166 1466 1262 1495 esse
1290 1454 1505 1497 videatur.
1563 1453 1658 1499 Sed.
1696 1471 1708 1476 ”

143 1507 233 1548 nisi
253 1507 336 1550 hoc
354 1509 464 1550 velis
481 1510 648 1552 referre
677 1511 734 1552 ad
754 1511 831 1552 illa
849 1508 965 1565 Isag.
996 1511 1035 1566 ᾖ.
1055 1510 1098 1553 5.
1120 1512 1184 1567 a),
1214 1511 1271 1553 ad
1287 1525 1388 1565 quae
1420 1517 1538 1555 certe
1557 1526 1655 1568 per-

143 1565 259 1606 tinet
285 1562 394 1607 αὖτις
427 1568 675 1622 ὑποστρέψας
706 1582 750 1610 v.
771 1566 872 1610 445.
906 1570 953 1610 in
971 1572 1150 1623 promtu
1181 1570 1268 1610 erit
1296 1569 1545 1618 defendere,
1579 1571 1659 1613 illo

144 1618 319 1669 ἂψιιοῐι
339 1623 596 1676 significari,
630 1623 836 1678 Ulyssem
854 1625 1024 1668 deloco
1052 1627 1239 1668 cessisse
1270 1639 1578 1681 quamcunque
1607 1631 1657 1671 in

142 1682 329 1733 partem,
349 1681 427 1722 sed
443 1687 573 1729 retro,
605 1694 744 1736 neque
763 1695 851 1724 uno
869 1683 1096 1736 alteroque
1111 1682 1266 1736 gradu,
1295 1684 1372 1725 sed
1389 1697 1469 1738 per
1483 1687 1658 1739 Justum

142 1737 352 1790 spatium,
374 1751 466 1792 quo
498 1739 688 1781 validius
724 1740 896 1781 hastam
930 1740 1089 1782 deinde
1125 1745 1330 1794 torquere
1366 1747 1530 1796 posset.
1588 1742 1658 1785 De

139 1804 278 1836 musa
303 1799 423 1837 retro
451 1796 630 1838 cedendi
663 1810 754 1839 non
791 1801 859 1839 est
896 1802 1097 1840 nostrum
1127 1811 1336 1852 quaerere.
1411 1797 1483 1841 Ad
1515 1801 1658 1843 telum
1676 1825 1686 1839 .

144 1852 461 1894 extrahendum
481 1858 644 1908 putant
670 1868 769 1897 eum
798 1867 845 1896 se
874 1857 1122 1897 removisse.
1182 1854 1458 1898 Novissimus
1489 1858 1655 1901 editor:

143 1910 175 1934 “
205 1907 358 1952 Potius
376 1913 570 1953 naturali
592 1913 760 1967 impetu
779 1912 1057 1967 resiluit‚qui
1071 1914 1211 1955 ictum
1222 1926 1270 1954 se
1290 1914 1508 1962 sensit,ut
1521 1929 1656 1971 supra

145 1963 313 2009 Hector
344 1967 476 2010 354.”
535 1968 650 2010 Mihi
671 1971 951 2024 pleonasmus
970 1971 1026 2012 ad
1045 1971 1229 2025 simplex
1263 1971 1371 2013 illud
1402 1971 1450 2013 in
1480 1971 1593 2027 Isag.
1617 1978 1654 2029 §.

141 2022 187 2065 5.
207 2024 256 2080 α)
274 2027 497 2079 pertinere
511 2027 700 2068 videtur.
761 2026 967 2070 Occurrit
982 2029 1118 2076 enim,
1132 2029 1210 2069 ubi
1229 2028 1397 2070 frustra
1408 2030 1511 2083 quis
1526 2043 1658 2086 argu-

147 2081 237 2124 tari
256 2084 413 2138 possit,
433 2088 484 2126 ut
502 2082 554 2127 11.
576 2083 630 2127 K.
650 2084 751 2127 210.
772 2090 819 2128 et
836 2083 938 2128 411.
961 2085 1008 2128 P.
1026 2084 1127 2128 406.
1148 2090 1194 2129 et
1212 2086 1314 2128 aliis
1332 2086 1457 2131 locis.

855 2203 964 2246 ΔΗ·

205 2291 432 2337 Numerat‘
455 2293 708 2338 Demetrius
740 2294 974 2337 Phalereus
1002 2295 1040 2351 ξ.
1073 2294 1144 2337 55.
1167 2295 1279 2338 hanc
1305 2296 1567 2352 particulam
1593 2298 1658 2340 in-

148 2355 222 2394 ter
241 2352 462 2399 συνδέσμους
494 2355 952 2409 παρατλπρωματικούςε
996 2353 1071 2394 sed
1102 2357 1147 2394 et
1174 2354 1269 2395 alii.
1324 2353 1428 2396 Vid.
1462 2353 1579 2410 Isag.
1610 2354 1656 2412 ἕ.

153 2407 222 2451 10.
278 2407 574 2457 Quamobrem
612 2423 702 2452 non
734 2412 924 2452 alienum
957 2414 1025 2452 est
1055 2411 1111 2452 de
1149 2423 1204 2452 ea
1235 2412 1335 2454 h.1.
1371 2412 1540 2466 aliquid
1567 2425 1661 2455 mo-

150 2478 271 2509 nere.
330 2465 443 2508 Cum
462 2471 631 2510 veteres
649 2469 691 2510 ei
720 2469 888 2510 nullam
907 2468 1271 2521 significationem
1300 2469 1541 2512 tribuerint
1568 2483 1662 2513 cer-

149 2523 212 2566 tis
229 2524 377 2567 verbis
394 2537 667 2579 expressam,
701 2527 964 2568 recentiores
977 2526 1023 2567 in
1044 2526 1229 2569 alteram
1252 2530 1423 2582 partem
1455 2534 1661 2582 peccant,
1696 2540 1699 2542 ’

148 2595 250 2624 cum
266 2582 310 2624 ei
329 2583 671 2635 significationes
689 2583 905 2636 affingunt
931 2583 1096 2638 oppido
1115 2585 1275 2626 multas
1301 2586 1505 2639 nulloque
1531 2587 1663 2628 modo

147 2638 268 2682 inter
299 2652 348 2681 se
376 2639 687 2682 conciliandas.
744 2640 839 2683 Nec
873 2640 1049 2682 mirum.
1106 2639 1237 2683 Falsa
1255 2642 1374 2684 enim
1403 2647 1470 2685 oet
1497 2645 1657 2698 prima,

145 2709 284 2752 quam
315 2702 502 2752 ponunt,
535 2698 813 2751 significatio,
850 2710 978 2746 nunc,
1014 2697 1126 2754 jam.
1205 2698 1355 2742 Placet
1390 2700 1532 2754 igitur
1561 2702 1660 2743 bre-

151 2757 265 2797 viter
284 2760 483 2809 repetere
502 2756 561 2807 id,
589 2756 706 2810 quod
726 2756 927 2811 pluribus
954 2759 1211 2809 persecutus
1245 2770 1343 2800 sum
1362 2758 1418 2799 ad
1452 2756 1656 2813 Xenoph-

151 2809 289 2855 Mem.
319 2813 366 2854 ii.
400 2812 447 2858 3,
486 2812 552 2854 11.
612 2811 738 2862 Dixi,
776 2813 884 2855 mihi
921 2813 1060 2855 videri
1090 2814 1195 2855 olim
1225 2815 1493 2868 significasse
1530 2815 1659 2866 clare,

150 2876 309 2925 aperte,
342 2868 543 2913 distincte
556 2885 575 2920 ;
618 2871 720 2913 inde
746 2883 907 2925 magna
934 2884 1034 2914 cum
1067 2872 1214 2926 ellipsi
1247 2873 1411 2927 ubique
1441 2873 1660 2922 adhiberi,

151 2932 205 2972 ut
230 2928 298 2972 vis
324 2929 554 2984 particulae
585 2929 750 2979 verbis,
779 2942 862 2986 quo
892 2941 961 2973 res
989 2927 1104 2974 clara
1125 2927 1203 2985 fit,
1232 2931 1300 2974 vel
1337 2930 1558 2975 similibus
1585 2945 1660 2975 ex-

676 3064 731 3092 ‚w
739 3077 742 3079 >

678 3088 754 3119 124,ss

681 3115 690 3125 ἱ
702 3118 715 3125 n
