<?xml version="1.0" encoding="UTF-8"?>
<!DOCTYPE html PUBLIC "-//W3C//DTD XHTML 1.0 Transitional//EN"
    "http://www.w3.org/TR/xhtml1/DTD/xhtml1-transitional.dtd">
<html xmlns="http://www.w3.org/1999/xhtml" xml:lang="en" lang="en">
 <head>
  <title>
</title>
<meta http-equiv="Content-Type" content="text/html;charset=utf-8" />
  <meta name='ocr-system' content='tesseract 3.04.00' />
  <meta name='ocr-capabilities' content='ocr_page ocr_carea ocr_par ocr_line ocrx_word'/>
</head>
<body>
  <div class='ocr_page' id='page_1' title='image "./ellipsesgraecaec00bosluoft_0378.png"; bbox 0 0 1838 3164; ppageno 0'>
   <div class='ocr_carea' id='block_1_1' title="bbox 131 206 1155 263">
    <p class='ocr_par' dir='ltr' id='par_1_1' title="bbox 131 206 1155 263">
     <span class='ocr_line' id='line_1_1' title="bbox 131 206 1155 263; baseline -0.003 -1"><span class='ocrx_word' id='word_1_1' title='bbox 131 206 219 252; x_wconf 82' lang='lat'><strong>332</strong></span> <span class='ocrx_word' id='word_1_2' title='bbox 705 225 901 263; x_wconf 71' lang='lat' dir='ltr'><strong>mmsis</strong></span> <span class='ocrx_word' id='word_1_3' title='bbox 918 223 1155 262; x_wconf 80' lang='lat' dir='ltr'><strong>NOMINUM.</strong></span> 
     </span>
    </p>
   </div>
   <div class='ocr_carea' id='block_1_2' title="bbox 133 322 1703 1134">
    <p class='ocr_par' dir='ltr' id='par_1_2' title="bbox 133 322 1703 1134">
     <span class='ocr_line' id='line_1_2' title="bbox 138 322 1703 387; baseline 0.001 -17"><span class='ocrx_word' id='word_1_4' title='bbox 138 327 332 383; x_wconf 82' lang='lat' dir='ltr'><strong>priorem</strong></span> <span class='ocrx_word' id='word_1_5' title='bbox 353 326 533 372; x_wconf 84' lang='lat' dir='ltr'>Homeri</span> <span class='ocrx_word' id='word_1_6' title='bbox 554 329 697 373; x_wconf 81' lang='lat' dir='ltr'><strong>locum</strong></span> <span class='ocrx_word' id='word_1_7' title='bbox 727 329 920 387; x_wconf 90' lang='lat' dir='ltr'><strong>Heynius</strong></span> <span class='ocrx_word' id='word_1_8' title='bbox 954 330 1164 374; x_wconf 80' lang='lat' dir='ltr'><strong>subaudit</strong></span> <span class='ocrx_word' id='word_1_9' title='bbox 1193 324 1311 384; x_wconf 69' lang='grc' dir='ltr'><em>μόῖξσε</em></span> <span class='ocrx_word' id='word_1_10' title='bbox 1328 337 1366 370; x_wconf 79' lang='lat' dir='ltr'><strong>s,</strong></span> <span class='ocrx_word' id='word_1_11' title='bbox 1387 322 1494 370; x_wconf 76' lang='grc' dir='ltr'><strong>ᾲῖσα.</strong></span> <span class='ocrx_word' id='word_1_12' title='bbox 1541 325 1660 372; x_wconf 82' lang='lat' dir='ltr'><strong>Mihi</strong></span> <span class='ocrx_word' id='word_1_13' title='bbox 1700 369 1703 371; x_wconf 76' lang='lat'><strong>.</strong></span> 
     </span>
     <span class='ocr_line' id='line_1_3' title="bbox 141 384 1660 433; baseline 0.003 -6"><span class='ocrx_word' id='word_1_14' title='bbox 141 386 256 429; x_wconf 87' lang='lat' dir='ltr'><strong>nihil</strong></span> <span class='ocrx_word' id='word_1_15' title='bbox 277 388 631 431; x_wconf 87' lang='lat' dir='ltr'><strong>subaudiendum</strong></span> <span class='ocrx_word' id='word_1_16' title='bbox 652 390 840 432; x_wconf 85' lang='lat' dir='ltr'><strong>videtur.</strong></span> <span class='ocrx_word' id='word_1_17' title='bbox 876 390 1136 433; x_wconf 83' lang='lat' dir='ltr'><strong>Productior</strong></span> <span class='ocrx_word' id='word_1_18' title='bbox 1163 386 1250 428; x_wconf 83' lang='lat' dir='ltr'><strong>haec</strong></span> <span class='ocrx_word' id='word_1_19' title='bbox 1280 388 1350 426; x_wconf 74' lang='lat' dir='ltr'><strong>est</strong></span> <span class='ocrx_word' id='word_1_20' title='bbox 1381 384 1527 428; x_wconf 82' lang='lat' dir='ltr'><strong>forma</strong></span> <span class='ocrx_word' id='word_1_21' title='bbox 1557 388 1660 430; x_wconf 85' lang='lat' dir='ltr'><strong>sub-</strong></span> 
     </span>
     <span class='ocr_line' id='line_1_4' title="bbox 141 443 1663 504; baseline 0.001 -19"><span class='ocrx_word' id='word_1_22' title='bbox 141 446 326 487; x_wconf 87' lang='lat' dir='ltr'><strong>stantivi</strong></span> <span class='ocrx_word' id='word_1_23' title='bbox 345 460 355 487; x_wconf 89' lang='lat'>:</span> <span class='ocrx_word' id='word_1_24' title='bbox 399 461 448 489; x_wconf 86' lang='lat' dir='ltr'><strong>cu</strong></span> <span class='ocrx_word' id='word_1_25' title='bbox 450 448 646 501; x_wconf 87' lang='lat' dir='ltr'><strong>jusmodi</strong></span> <span class='ocrx_word' id='word_1_26' title='bbox 685 448 827 490; x_wconf 88' lang='lat' dir='ltr'><strong>forma</strong></span> <span class='ocrx_word' id='word_1_27' title='bbox 865 450 1031 504; x_wconf 89' lang='lat' dir='ltr'><strong>plures,</strong></span> <span class='ocrx_word' id='word_1_28' title='bbox 1073 445 1260 497; x_wconf 83' lang='lat' dir='ltr'><strong>reliquas</strong></span> <span class='ocrx_word' id='word_1_29' title='bbox 1296 443 1396 484; x_wconf 88' lang='lat' dir='ltr'><strong>illas</strong></span> <span class='ocrx_word' id='word_1_30' title='bbox 1425 458 1480 486; x_wconf 88' lang='lat' dir='ltr'><strong>ex</strong></span> <span class='ocrx_word' id='word_1_31' title='bbox 1513 445 1663 499; x_wconf 86' lang='lat' dir='ltr'><strong>prisca</strong></span> 
     </span>
     <span class='ocr_line' id='line_1_5' title="bbox 141 499 1662 561; baseline 0.001 -18"><span class='ocrx_word' id='word_1_32' title='bbox 141 500 398 545; x_wconf 85' lang='lat' dir='ltr'><strong>Graecorum</strong></span> <span class='ocrx_word' id='word_1_33' title='bbox 419 505 588 558; x_wconf 80' lang='lat' dir='ltr'><strong>lingua,</strong></span> <span class='ocrx_word' id='word_1_34' title='bbox 619 504 699 549; x_wconf 86' lang='lat' dir='ltr'><strong>Jas</strong></span> <span class='ocrx_word' id='word_1_35' title='bbox 721 508 860 557; x_wconf 87' lang='lat' dir='ltr'><strong>novit,</strong></span> <span class='ocrx_word' id='word_1_36' title='bbox 889 520 969 549; x_wconf 84' lang='lat' dir='ltr'><strong>nec</strong></span> <span class='ocrx_word' id='word_1_37' title='bbox 984 508 1113 561; x_wconf 85' lang='lat' dir='ltr'><strong>plane</strong></span> <span class='ocrx_word' id='word_1_38' title='bbox 1141 504 1314 555; x_wconf 84' lang='lat' dir='ltr'><strong>ignorat</strong></span> <span class='ocrx_word' id='word_1_39' title='bbox 1344 500 1509 543; x_wconf 80' lang='lat' dir='ltr'><strong>Atthis.</strong></span> <span class='ocrx_word' id='word_1_40' title='bbox 1532 499 1662 545; x_wconf 86' lang='lat' dir='ltr'><strong>Conf.</strong></span> 
     </span>
     <span class='ocr_line' id='line_1_6' title="bbox 141 557 1662 618; baseline 0 -17"><span class='ocrx_word' id='word_1_41' title='bbox 141 557 329 603; x_wconf 90' lang='lat' dir='ltr'><strong>Dorvill.</strong></span> <span class='ocrx_word' id='word_1_42' title='bbox 369 563 426 603; x_wconf 92' lang='lat' dir='ltr'><strong>ad</strong></span> <span class='ocrx_word' id='word_1_43' title='bbox 461 561 631 604; x_wconf 89' lang='lat' dir='ltr'><strong>Charit.</strong></span> <span class='ocrx_word' id='word_1_44' title='bbox 674 577 720 618; x_wconf 91' lang='lat' dir='ltr'><strong>p.</strong></span> <span class='ocrx_word' id='word_1_45' title='bbox 761 564 861 605; x_wconf 83' lang='lat'><strong>736.</strong></span> <span class='ocrx_word' id='word_1_46' title='bbox 941 562 1196 614; x_wconf 80' lang='lat' dir='ltr'><strong>wesseling.</strong></span> <span class='ocrx_word' id='word_1_47' title='bbox 1230 559 1412 601; x_wconf 89' lang='lat' dir='ltr'><strong>Dissert.</strong></span> <span class='ocrx_word' id='word_1_48' title='bbox 1446 558 1662 603; x_wconf 88' lang='lat' dir='ltr'><strong>Herodot.</strong></span> 
     </span>
     <span class='ocr_line' id='line_1_7' title="bbox 139 616 1665 676; baseline 0.001 -16"><span class='ocrx_word' id='word_1_49' title='bbox 139 631 185 673; x_wconf 90' lang='lat' dir='ltr'><strong>p.</strong></span> <span class='ocrx_word' id='word_1_50' title='bbox 212 618 308 661; x_wconf 88' lang='lat'>138.</span> <span class='ocrx_word' id='word_1_51' title='bbox 340 621 415 671; x_wconf 89' lang='lat' dir='ltr'><strong>(ad</strong></span> <span class='ocrx_word' id='word_1_52' title='bbox 435 618 650 664; x_wconf 89' lang='lat' dir='ltr'><strong>Herodot.</strong></span> <span class='ocrx_word' id='word_1_53' title='bbox 682 635 727 676; x_wconf 92' lang='lat' dir='ltr'><strong>p.</strong></span> <span class='ocrx_word' id='word_1_54' title='bbox 747 621 818 671; x_wconf 83' lang='grc'><strong>69,</strong></span> <span class='ocrx_word' id='word_1_55' title='bbox 849 622 918 664; x_wconf 82' lang='grc'><strong>23.</strong></span> <span class='ocrx_word' id='word_1_56' title='bbox 946 622 1041 671; x_wconf 80' lang='grc'><strong>134,</strong></span> <span class='ocrx_word' id='word_1_57' title='bbox 1070 616 1158 674; x_wconf 88' lang='grc'>79.)</span> <span class='ocrx_word' id='word_1_58' title='bbox 1189 621 1234 659; x_wconf 83' lang='lat' dir='ltr'><strong>et</strong></span> <span class='ocrx_word' id='word_1_59' title='bbox 1252 616 1446 659; x_wconf 81' lang='lat' dir='ltr'><strong>Fischer.</strong></span> <span class='ocrx_word' id='word_1_60' title='bbox 1468 618 1526 659; x_wconf 89' lang='lat' dir='ltr'><strong>ad</strong></span> <span class='ocrx_word' id='word_1_61' title='bbox 1545 616 1665 661; x_wconf 92' lang='lat' dir='ltr'><strong>Wel-</strong></span> 
     </span>
     <span class='ocr_line' id='line_1_8' title="bbox 140 676 1663 734; baseline 0.005 -17"><span class='ocrx_word' id='word_1_62' title='bbox 140 677 219 718; x_wconf 86' lang='lat' dir='ltr'><strong>ler.</strong></span> <span class='ocrx_word' id='word_1_63' title='bbox 242 678 271 718; x_wconf 94' lang='lat' dir='ltr'><strong>i.</strong></span> <span class='ocrx_word' id='word_1_64' title='bbox 293 690 338 732; x_wconf 88' lang='lat' dir='ltr'><strong>p.</strong></span> <span class='ocrx_word' id='word_1_65' title='bbox 360 677 430 720; x_wconf 84' lang='lat'><strong>85.</strong></span> <span class='ocrx_word' id='word_1_66' title='bbox 446 680 523 732; x_wconf 88' lang='lat' dir='ltr'><strong>qui</strong></span> <span class='ocrx_word' id='word_1_67' title='bbox 545 693 679 734; x_wconf 90' lang='lat' dir='ltr'><strong>quam</strong></span> <span class='ocrx_word' id='word_1_68' title='bbox 701 681 829 721; x_wconf 89' lang='lat' dir='ltr'><strong>simul</strong></span> <span class='ocrx_word' id='word_1_69' title='bbox 851 680 1158 723; x_wconf 67' lang='lat' dir='ltr'><strong>commemorat</strong></span> <span class='ocrx_word' id='word_1_70' title='bbox 1177 689 1327 718; x_wconf 81' lang='lat' dir='ltr'><strong>vocem</strong></span> <span class='ocrx_word' id='word_1_71' title='bbox 1349 678 1544 724; x_wconf 58' lang='grc' dir='ltr'>σεληναίη,</span> <span class='ocrx_word' id='word_1_72' title='bbox 1564 676 1663 729; x_wconf 78' lang='lat' dir='ltr'><strong>ejus</strong></span> 
     </span>
     <span class='ocr_line' id='line_1_9' title="bbox 140 733 1665 794; baseline 0.001 -20"><span class='ocrx_word' id='word_1_73' title='bbox 140 733 187 774; x_wconf 90' lang='lat' dir='ltr'><strong>in</strong></span> <span class='ocrx_word' id='word_1_74' title='bbox 207 733 406 777; x_wconf 82' lang='lat' dir='ltr'><strong>Platonis</strong></span> <span class='ocrx_word' id='word_1_75' title='bbox 428 735 602 792; x_wconf 85' lang='lat' dir='ltr'><strong>Cratylo</strong></span> <span class='ocrx_word' id='word_1_76' title='bbox 622 751 667 793; x_wconf 88' lang='lat' dir='ltr'><strong>p.</strong></span> <span class='ocrx_word' id='word_1_77' title='bbox 687 737 761 780; x_wconf 90' lang='grc'><strong>47.</strong></span> <span class='ocrx_word' id='word_1_78' title='bbox 793 737 936 781; x_wconf 88' lang='lat' dir='ltr'><strong>Fisch.</strong></span> <span class='ocrx_word' id='word_1_79' title='bbox 957 742 1003 794; x_wconf 93' lang='lat' dir='ltr'><strong>(p</strong></span> <span class='ocrx_word' id='word_1_80' title='bbox 1035 734 1105 777; x_wconf 83' lang='lat'><strong>87.</strong></span> <span class='ocrx_word' id='word_1_81' title='bbox 1127 733 1315 789; x_wconf 88' lang='lat' dir='ltr'><strong>Heind.)</strong></span> <span class='ocrx_word' id='word_1_82' title='bbox 1340 737 1433 775; x_wconf 86' lang='lat' dir='ltr'><strong>tam</strong></span> <span class='ocrx_word' id='word_1_83' title='bbox 1449 735 1665 776; x_wconf 85' lang='lat' dir='ltr'><strong>absonum</strong></span> 
     </span>
     <span class='ocr_line' id='line_1_10' title="bbox 139 791 1665 846; baseline 0.001 -13"><span class='ocrx_word' id='word_1_84' title='bbox 139 794 313 845; x_wconf 89' lang='lat' dir='ltr'><strong>etymon</strong></span> <span class='ocrx_word' id='word_1_85' title='bbox 335 795 542 845; x_wconf 79' lang='lat' dir='ltr'><strong>traditur,</strong></span> <span class='ocrx_word' id='word_1_86' title='bbox 573 799 623 837; x_wconf 91' lang='lat' dir='ltr'><strong>ut</strong></span> <span class='ocrx_word' id='word_1_87' title='bbox 642 810 730 838; x_wconf 91' lang='lat' dir='ltr'><strong>non</strong></span> <span class='ocrx_word' id='word_1_88' title='bbox 751 798 899 846; x_wconf 88' lang='lat' dir='ltr'><strong>mirer,</strong></span> <span class='ocrx_word' id='word_1_89' title='bbox 921 797 956 838; x_wconf 89' lang='lat' dir='ltr'><strong>si</strong></span> <span class='ocrx_word' id='word_1_90' title='bbox 979 795 1106 838; x_wconf 78' lang='lat' dir='ltr'><strong>eciam</strong></span> <span class='ocrx_word' id='word_1_91' title='bbox 1126 793 1408 835; x_wconf 88' lang='lat' dir='ltr'><strong>tristissimus</strong></span> <span class='ocrx_word' id='word_1_92' title='bbox 1434 791 1665 835; x_wconf 85' lang='lat' dir='ltr'><strong>Platonica</strong></span> 
     </span>
     <span class='ocr_line' id='line_1_11' title="bbox 141 847 1661 909; baseline 0.001 -19"><span class='ocrx_word' id='word_1_93' title='bbox 141 850 219 891; x_wconf 87' lang='lat' dir='ltr'><strong>illa</strong></span> <span class='ocrx_word' id='word_1_94' title='bbox 241 851 389 904; x_wconf 85' lang='lat' dir='ltr'><strong>legens</strong></span> <span class='ocrx_word' id='word_1_95' title='bbox 409 853 598 895; x_wconf 89' lang='lat' dir='ltr'><strong>frontem</strong></span> <span class='ocrx_word' id='word_1_96' title='bbox 620 856 888 909; x_wconf 84' lang='lat' dir='ltr'><strong>exporrigat.</strong></span> <span class='ocrx_word' id='word_1_97' title='bbox 935 853 1124 905; x_wconf 67' lang='lat' dir='ltr'><strong>Tyrtaeus</strong></span> <span class='ocrx_word' id='word_1_98' title='bbox 1143 864 1216 905; x_wconf 90' lang='lat' dir='ltr'><strong>ap.</strong></span> <span class='ocrx_word' id='word_1_99' title='bbox 1234 847 1430 891; x_wconf 87' lang='lat' dir='ltr'><strong>Pausan.</strong></span> <span class='ocrx_word' id='word_1_100' title='bbox 1448 851 1508 891; x_wconf 88' lang='lat' dir='ltr'><strong>iv.</strong></span> <span class='ocrx_word' id='word_1_101' title='bbox 1529 865 1566 892; x_wconf 92' lang='lat' dir='ltr'><strong>c.</strong></span> <span class='ocrx_word' id='word_1_102' title='bbox 1594 849 1661 892; x_wconf 83' lang='lat'><strong>14.</strong></span> 
     </span>
     <span class='ocr_line' id='line_1_12' title="bbox 140 907 1661 968; baseline 0.003 -21"><span class='ocrx_word' id='word_1_103' title='bbox 140 909 311 962; x_wconf 81' lang='grc' dir='ltr'>φέροντες</span> <span class='ocrx_word' id='word_1_104' title='bbox 330 913 542 959; x_wconf 69' lang='grc' dir='ltr'><strong>ἀναγκαίης</strong></span> <span class='ocrx_word' id='word_1_105' title='bbox 572 912 645 953; x_wconf 74' lang='grc' dir='ltr'><strong>ὑπὸ</strong></span> <span class='ocrx_word' id='word_1_106' title='bbox 661 916 821 968; x_wconf 64' lang='grc' dir='ltr'><strong>λυγρῆς.</strong></span> <span class='ocrx_word' id='word_1_107' title='bbox 883 909 1172 953; x_wconf 72' lang='lat' dir='ltr'><strong>Callimachus</strong></span> <span class='ocrx_word' id='word_1_108' title='bbox 1202 907 1259 957; x_wconf 69' lang='lat' dir='ltr'><strong>Hv</strong></span> <span class='ocrx_word' id='word_1_109' title='bbox 1291 909 1337 948; x_wconf 88' lang='lat' dir='ltr'><strong>in</strong></span> <span class='ocrx_word' id='word_1_110' title='bbox 1367 907 1463 950; x_wconf 88' lang='lat' dir='ltr'><strong>Del.</strong></span> <span class='ocrx_word' id='word_1_111' title='bbox 1489 921 1532 949; x_wconf 82' lang='lat' dir='ltr'><strong>v.</strong></span> <span class='ocrx_word' id='word_1_112' title='bbox 1568 907 1661 951; x_wconf 75' lang='lat'><strong>122.</strong></span> 
     </span>
     <span class='ocr_line' id='line_1_13' title="bbox 133 964 1661 1023; baseline 0.002 -18"><span class='ocrx_word' id='word_1_113' title='bbox 133 964 358 1015; x_wconf 69' lang='grc' dir='ltr'><strong>Ἀναγκαίη</strong></span> <span class='ocrx_word' id='word_1_114' title='bbox 379 970 538 1017; x_wconf 65' lang='grc' dir='ltr'>μεγάλη</span> <span class='ocrx_word' id='word_1_115' title='bbox 560 969 658 1011; x_wconf 59' lang='grc' dir='ltr'><strong>θεός.</strong></span> <span class='ocrx_word' id='word_1_116' title='bbox 690 972 807 1023; x_wconf 86' lang='lat' dir='ltr'><strong>quod</strong></span> <span class='ocrx_word' id='word_1_117' title='bbox 828 981 1047 1023; x_wconf 77' lang='lat' dir='ltr'><strong>compares</strong></span> <span class='ocrx_word' id='word_1_118' title='bbox 1067 980 1166 1008; x_wconf 87' lang='lat' dir='ltr'><strong>cum</strong></span> <span class='ocrx_word' id='word_1_119' title='bbox 1189 965 1439 1007; x_wconf 75' lang='lat' dir='ltr'><strong>Herodoteo</strong></span> <span class='ocrx_word' id='word_1_120' title='bbox 1460 966 1537 1007; x_wconf 85' lang='lat' dir='ltr'><strong>illo</strong></span> <span class='ocrx_word' id='word_1_121' title='bbox 1563 967 1661 1010; x_wconf 78' lang='lat' dir='ltr'><strong>viii.</strong></span> 
     </span>
     <span class='ocr_line' id='line_1_14' title="bbox 138 1021 1662 1085; baseline 0.001 -21"><span class='ocrx_word' id='word_1_122' title='bbox 138 1036 174 1064; x_wconf 84' lang='lat' dir='ltr'><strong>c.</strong></span> <span class='ocrx_word' id='word_1_123' title='bbox 203 1023 299 1066; x_wconf 85' lang='lat' dir='ltr'><strong>Ill.</strong></span> <span class='ocrx_word' id='word_1_124' title='bbox 332 1027 381 1066; x_wconf 80' lang='grc' dir='ltr'><strong>ὡς</strong></span> <span class='ocrx_word' id='word_1_125' title='bbox 400 1026 519 1070; x_wconf 73' lang='grc' dir='ltr'>ἥκοιεν</span> <span class='ocrx_word' id='word_1_126' title='bbox 537 1026 746 1071; x_wconf 59' lang='grc' dir='ltr'><strong>Ἀθηναῖοι</strong></span> <span class='ocrx_word' id='word_1_127' title='bbox 766 1029 854 1085; x_wconf 66' lang='grc' dir='ltr'><strong>περὶ</strong></span> <span class='ocrx_word' id='word_1_128' title='bbox 876 1024 1030 1069; x_wconf 63' lang='lat' dir='ltr'><strong>{oba-obs</strong></span> <span class='ocrx_word' id='word_1_129' title='bbox 1048 1025 1206 1078; x_wconf 74' lang='grc' dir='ltr'>’ἔχοντες</span> <span class='ocrx_word' id='word_1_130' title='bbox 1226 1023 1291 1065; x_wconf 76' lang='grc' dir='ltr'><strong>δύο</strong></span> <span class='ocrx_word' id='word_1_131' title='bbox 1320 1021 1430 1064; x_wconf 60' lang='grc' dir='ltr'>θεοὺς</span> <span class='ocrx_word' id='word_1_132' title='bbox 1448 1024 1662 1073; x_wconf 70' lang='grc' dir='ltr'>μεγάλους,</span> 
     </span>
     <span class='ocr_line' id='line_1_15' title="bbox 138 1079 933 1134; baseline 0.006 -13"><span class='ocrx_word' id='word_1_133' title='bbox 138 1079 279 1122; x_wconf 59' lang='grc' dir='ltr'>Πειθώ</span> <span class='ocrx_word' id='word_1_134' title='bbox 299 1099 341 1123; x_wconf 79' lang='grc' dir='ltr'><strong>τε</strong></span> <span class='ocrx_word' id='word_1_135' title='bbox 361 1083 426 1124; x_wconf 72' lang='grc' dir='ltr'><strong>καῖ</strong></span> <span class='ocrx_word' id='word_1_136' title='bbox 444 1083 699 1134; x_wconf 63' lang='grc' dir='ltr'><strong>Ἀνανγκαίην.</strong></span> <span class='ocrx_word' id='word_1_137' title='bbox 734 1086 933 1128; x_wconf 75' lang='lat' dir='ltr'><strong>SCHAEF.</strong></span> 
     </span>
    </p>
   </div>
   <div class='ocr_carea' id='block_1_3' title="bbox 509 1155 1288 1210">
    <p class='ocr_par' dir='ltr' id='par_1_3' title="bbox 509 1155 1288 1210">
     <span class='ocr_line' id='line_1_16' title="bbox 509 1155 1288 1210; baseline 0 -11"><span class='ocrx_word' id='word_1_138' title='bbox 509 1157 751 1210; x_wconf 87' lang='lat' dir='ltr'><strong>XPHMA,</strong></span> <span class='ocrx_word' id='word_1_139' title='bbox 782 1159 907 1207; x_wconf 73' lang='lat' dir='ltr'><strong>RES.</strong></span> <span class='ocrx_word' id='word_1_140' title='bbox 938 1156 1106 1201; x_wconf 88' lang='lat' dir='ltr'><strong><em>NEGO</em></strong></span> <span class='ocrx_word' id='word_1_141' title='bbox 1116 1155 1288 1200; x_wconf 91' lang='lat' dir='ltr'><strong>TIUM.</strong></span> 
     </span>
    </p>
   </div>
   <div class='ocr_carea' id='block_1_4' title="bbox 123 1226 1709 3080">
    <p class='ocr_par' dir='ltr' id='par_1_4' title="bbox 123 1226 1709 3080">
     <span class='ocr_line' id='line_1_17' title="bbox 164 1226 1663 1289; baseline 0.003 -20"><span class='ocrx_word' id='word_1_142' title='bbox 164 1260 167 1262; x_wconf 85' lang='lat'><strong>.</strong></span> <span class='ocrx_word' id='word_1_143' title='bbox 193 1226 378 1284; x_wconf 85' lang='lat' dir='ltr'><strong>Ellipsis</strong></span> <span class='ocrx_word' id='word_1_144' title='bbox 397 1232 516 1274; x_wconf 89' lang='lat' dir='ltr'><strong>vocis</strong></span> <span class='ocrx_word' id='word_1_145' title='bbox 549 1236 695 1289; x_wconf 66' lang='grc' dir='ltr'>χρῆμα</span> <span class='ocrx_word' id='word_1_146' title='bbox 717 1235 918 1288; x_wconf 81' lang='lat' dir='ltr'><strong>frequens</strong></span> <span class='ocrx_word' id='word_1_147' title='bbox 939 1237 1007 1274; x_wconf 87' lang='lat' dir='ltr'><strong>est</strong></span> <span class='ocrx_word' id='word_1_148' title='bbox 1028 1234 1074 1274; x_wconf 88' lang='lat' dir='ltr'><strong>in</strong></span> <span class='ocrx_word' id='word_1_149' title='bbox 1096 1232 1326 1286; x_wconf 74' lang='lat' dir='ltr'><strong>adJectivis</strong></span> <span class='ocrx_word' id='word_1_150' title='bbox 1348 1236 1470 1275; x_wconf 87' lang='lat' dir='ltr'><strong>neut.</strong></span> <span class='ocrx_word' id='word_1_151' title='bbox 1492 1245 1591 1286; x_wconf 87' lang='lat' dir='ltr'><strong>gen.</strong></span> <span class='ocrx_word' id='word_1_152' title='bbox 1611 1235 1663 1274; x_wconf 88' lang='lat' dir='ltr'><strong>ut</strong></span> 
     </span>
     <span class='ocr_line' id='line_1_18' title="bbox 137 1287 859 1341; baseline 0.012 -14"><span class='ocrx_word' id='word_1_153' title='bbox 137 1287 258 1341; x_wconf 89' lang='lat' dir='ltr'><strong>apud</strong></span> <span class='ocrx_word' id='word_1_154' title='bbox 280 1287 524 1331; x_wconf 85' lang='lat' dir='ltr'><strong>Homerum</strong></span> <span class='ocrx_word' id='word_1_155' title='bbox 545 1290 671 1333; x_wconf 91' lang='lat' dir='ltr'><strong>Iliad.</strong></span> <span class='ocrx_word' id='word_1_156' title='bbox 693 1291 742 1334; x_wconf 93' lang='lat' dir='ltr'><strong>B.</strong></span> <span class='ocrx_word' id='word_1_157' title='bbox 764 1290 859 1335; x_wconf 76' lang='lat'><strong>204.</strong></span> 
     </span>
     <span class='ocr_line' id='line_1_19' title="bbox 311 1345 868 1406; baseline 0.011 -19"><span class='ocrx_word' id='word_1_158' title='bbox 311 1345 406 1388; x_wconf 80' lang='grc' dir='ltr'><strong>Οὐκ</strong></span> <span class='ocrx_word' id='word_1_159' title='bbox 427 1347 575 1396; x_wconf 60' lang='grc' dir='ltr'><strong>ἀγαθὸν</strong></span> <span class='ocrx_word' id='word_1_160' title='bbox 601 1350 868 1406; x_wconf 67' lang='grc' dir='ltr'><strong>πολυκοιρανίη</strong></span> 
     </span>
     <span class='ocr_line' id='line_1_20' title="bbox 310 1402 1489 1463; baseline 0.003 -18"><span class='ocrx_word' id='word_1_161' title='bbox 310 1402 412 1446; x_wconf 77' lang='lat' dir='ltr'><strong>Non</strong></span> <span class='ocrx_word' id='word_1_162' title='bbox 433 1404 588 1447; x_wconf 76' lang='lat' dir='ltr'><strong>bonum</strong></span> <span class='ocrx_word' id='word_1_163' title='bbox 606 1413 668 1448; x_wconf 74' lang='lat' dir='ltr'><strong>est</strong></span> <span class='ocrx_word' id='word_1_164' title='bbox 684 1408 910 1450; x_wconf 66' lang='lat' dir='ltr'><strong>multorum</strong></span> <span class='ocrx_word' id='word_1_165' title='bbox 929 1405 1230 1463; x_wconf 72' lang='lat' dir='ltr'><strong>imperium—</strong></span> <span class='ocrx_word' id='word_1_166' title='bbox 1486 1431 1489 1434; x_wconf 94' lang='lat'><em>-</em></span> 
     </span>
     <span class='ocr_line' id='line_1_21' title="bbox 139 1458 1662 1519; baseline 0.003 -18"><span class='ocrx_word' id='word_1_167' title='bbox 139 1458 368 1503; x_wconf 56' lang='lat' dir='ltr'><strong>Lafirtiusz</strong></span> <span class='ocrx_word' id='word_1_168' title='bbox 411 1462 559 1505; x_wconf 75' lang='grc' dir='ltr'>Πιστόν</span> <span class='ocrx_word' id='word_1_169' title='bbox 592 1467 662 1513; x_wconf 69' lang='lat'><strong>73⁸7,</strong></span> <span class='ocrx_word' id='word_1_170' title='bbox 694 1464 846 1507; x_wconf 64' lang='grc' dir='ltr'>ἄπο-τον</span> <span class='ocrx_word' id='word_1_171' title='bbox 882 1463 1094 1507; x_wconf 61' lang='grc' dir='ltr'><strong>θάλασσατ</strong></span> <span class='ocrx_word' id='word_1_172' title='bbox 1127 1463 1284 1506; x_wconf 73' lang='lat' dir='ltr'><strong>Fidum</strong></span> <span class='ocrx_word' id='word_1_173' title='bbox 1318 1469 1446 1512; x_wconf 65' lang='lat' dir='ltr'><strong>terra,</strong></span> <span class='ocrx_word' id='word_1_174' title='bbox 1476 1461 1662 1519; x_wconf 64' lang='lat' dir='ltr'><strong>infidum</strong></span> 
     </span>
     <span class='ocr_line' id='line_1_22' title="bbox 137 1518 1663 1579; baseline 0.003 -20"><span class='ocrx_word' id='word_1_175' title='bbox 137 1531 269 1560; x_wconf 75' lang='lat' dir='ltr'><strong>mare.</strong></span> <span class='ocrx_word' id='word_1_176' title='bbox 333 1518 494 1562; x_wconf 85' lang='lat' dir='ltr'><strong>Paulus</strong></span> <span class='ocrx_word' id='word_1_177' title='bbox 515 1521 542 1562; x_wconf 77' lang='lat'>2</span> <span class='ocrx_word' id='word_1_178' title='bbox 564 1519 665 1563; x_wconf 79' lang='lat' dir='ltr'><strong>Cor.</strong></span> <span class='ocrx_word' id='word_1_179' title='bbox 687 1523 736 1564; x_wconf 89' lang='lat' dir='ltr'><strong>ii.</strong></span> <span class='ocrx_word' id='word_1_180' title='bbox 758 1522 796 1563; x_wconf 86' lang='grc'><strong>6.</strong></span> <span class='ocrx_word' id='word_1_181' title='bbox 822 1521 975 1563; x_wconf 75' lang='grc' dir='ltr'>Ἱκανὸν</span> <span class='ocrx_word' id='word_1_182' title='bbox 1012 1528 1066 1579; x_wconf 77' lang='grc' dir='ltr'><strong>τῷ</strong></span> <span class='ocrx_word' id='word_1_183' title='bbox 1094 1525 1249 1578; x_wconf 77' lang='grc' dir='ltr'>τοιούτῳ</span> <span class='ocrx_word' id='word_1_184' title='bbox 1278 1522 1303 1565; x_wconf 73' lang='grc' dir='ltr'>ἦ</span> <span class='ocrx_word' id='word_1_185' title='bbox 1333 1523 1508 1571; x_wconf 76' lang='grc' dir='ltr'><em>ἐπιτιμία</em></span> <span class='ocrx_word' id='word_1_186' title='bbox 1542 1522 1663 1571; x_wconf 76' lang='grc' dir='ltr'>αὕτη,</span> 
     </span>
     <span class='ocr_line' id='line_1_23' title="bbox 138 1577 1661 1635; baseline 0.004 -20"><span class='ocrx_word' id='word_1_187' title='bbox 138 1588 268 1630; x_wconf 89' lang='lat' dir='ltr'><strong>supp.</strong></span> <span class='ocrx_word' id='word_1_188' title='bbox 289 1580 461 1632; x_wconf 67' lang='grc' dir='ltr'>χρῆμαε</span> <span class='ocrx_word' id='word_1_189' title='bbox 493 1577 714 1635; x_wconf 74' lang='lat' dir='ltr'><strong>Sufficiens</strong></span> <span class='ocrx_word' id='word_1_190' title='bbox 739 1579 818 1621; x_wconf 73' lang='lat' dir='ltr'><strong>tali</strong></span> <span class='ocrx_word' id='word_1_191' title='bbox 851 1580 1115 1635; x_wconf 82' lang='lat' dir='ltr'><strong>(negotium)</strong></span> <span class='ocrx_word' id='word_1_192' title='bbox 1150 1585 1211 1622; x_wconf 73' lang='lat' dir='ltr'><strong>est</strong></span> <span class='ocrx_word' id='word_1_193' title='bbox 1243 1580 1372 1621; x_wconf 66' lang='lat' dir='ltr'><strong>haecce</strong></span> <span class='ocrx_word' id='word_1_194' title='bbox 1402 1577 1661 1635; x_wconf 78' lang='lat' dir='ltr'><strong>objurgatio.</strong></span> 
     </span>
     <span class='ocr_line' id='line_1_24' title="bbox 139 1631 1665 1692; baseline 0.003 -18"><span class='ocrx_word' id='word_1_195' title='bbox 139 1631 319 1689; x_wconf 85' lang='lat' dir='ltr'><strong>Plenius</strong></span> <span class='ocrx_word' id='word_1_196' title='bbox 339 1633 560 1677; x_wconf 84' lang='lat' dir='ltr'><strong>Lucianus</strong></span> <span class='ocrx_word' id='word_1_197' title='bbox 581 1637 759 1680; x_wconf 86' lang='lat' dir='ltr'><strong>Advers.</strong></span> <span class='ocrx_word' id='word_1_198' title='bbox 782 1636 948 1680; x_wconf 85' lang='lat' dir='ltr'><strong>Indoct.</strong></span> <span class='ocrx_word' id='word_1_199' title='bbox 972 1652 1016 1692; x_wconf 87' lang='lat' dir='ltr'><strong>p.</strong></span> <span class='ocrx_word' id='word_1_200' title='bbox 1039 1637 1140 1680; x_wconf 72' lang='lat'><strong>392.</strong></span> <span class='ocrx_word' id='word_1_201' title='bbox 1174 1637 1316 1679; x_wconf 78' lang='grc' dir='ltr'>Σκόπει</span> <span class='ocrx_word' id='word_1_202' title='bbox 1342 1638 1478 1686; x_wconf 79' lang='grc' dir='ltr'>τοίνυν,</span> <span class='ocrx_word' id='word_1_203' title='bbox 1505 1640 1554 1679; x_wconf 79' lang='grc' dir='ltr'><strong>ὡς</strong></span> <span class='ocrx_word' id='word_1_204' title='bbox 1574 1637 1665 1692; x_wconf 63' lang='grc' dir='ltr'>ἱερὸν</span> 
     </span>
     <span class='ocr_line' id='line_1_25' title="bbox 137 1693 1665 1752; baseline 0.002 -18"><span class='ocrx_word' id='word_1_205' title='bbox 137 1694 283 1745; x_wconf 65' lang='grc' dir='ltr'>χρῆμα</span> <span class='ocrx_word' id='word_1_206' title='bbox 302 1694 327 1736; x_wconf 74' lang='grc' dir='ltr'>ἦ</span> <span class='ocrx_word' id='word_1_207' title='bbox 349 1695 569 1741; x_wconf 71' lang='grc' dir='ltr'>συμβουλή.</span> <span class='ocrx_word' id='word_1_208' title='bbox 632 1693 820 1737; x_wconf 74' lang='lat' dir='ltr'><strong>Proinde</strong></span> <span class='ocrx_word' id='word_1_209' title='bbox 840 1695 1078 1744; x_wconf 70' lang='lat' dir='ltr'><strong>considera,</strong></span> <span class='ocrx_word' id='word_1_210' title='bbox 1111 1709 1239 1752; x_wconf 82' lang='lat' dir='ltr'><strong>quam</strong></span> <span class='ocrx_word' id='word_1_211' title='bbox 1268 1694 1327 1738; x_wconf 74' lang='lat' dir='ltr'><strong>sit</strong></span> <span class='ocrx_word' id='word_1_212' title='bbox 1345 1708 1412 1736; x_wconf 76' lang='lat' dir='ltr'><strong>res</strong></span> <span class='ocrx_word' id='word_1_213' title='bbox 1430 1708 1549 1737; x_wconf 80' lang='lat' dir='ltr'><strong>sacra</strong></span> <span class='ocrx_word' id='word_1_214' title='bbox 1570 1708 1665 1737; x_wconf 79' lang='lat' dir='ltr'><strong>con-</strong></span> 
     </span>
     <span class='ocr_line' id='line_1_26' title="bbox 136 1747 1709 1810; baseline 0.003 -20"><span class='ocrx_word' id='word_1_215' title='bbox 136 1747 300 1791; x_wconf 72' lang='lat' dir='ltr'><strong>silium.</strong></span> <span class='ocrx_word' id='word_1_216' title='bbox 363 1749 514 1792; x_wconf 88' lang='lat' dir='ltr'><strong>Latini</strong></span> <span class='ocrx_word' id='word_1_217' title='bbox 537 1753 740 1794; x_wconf 90' lang='lat' dir='ltr'><strong>similiter</strong></span> <span class='ocrx_word' id='word_1_218' title='bbox 760 1755 973 1795; x_wconf 89' lang='lat' dir='ltr'><strong>omittunt</strong></span> <span class='ocrx_word' id='word_1_219' title='bbox 995 1753 1230 1810; x_wconf 76' lang='lat' dir='ltr'><strong>negotium,</strong></span> <span class='ocrx_word' id='word_1_220' title='bbox 1250 1758 1300 1795; x_wconf 89' lang='lat' dir='ltr'><strong>ut</strong></span> <span class='ocrx_word' id='word_1_221' title='bbox 1320 1754 1365 1794; x_wconf 91' lang='lat' dir='ltr'><strong>in</strong></span> <span class='ocrx_word' id='word_1_222' title='bbox 1390 1754 1499 1795; x_wconf 86' lang='lat' dir='ltr'><strong>illis:</strong></span> <span class='ocrx_word' id='word_1_223' title='bbox 1532 1751 1666 1795; x_wconf 66' lang='lat' dir='ltr'><strong>Triste</strong></span> <span class='ocrx_word' id='word_1_224' title='bbox 1703 1793 1709 1799; x_wconf 91' lang='grc'><strong>,</strong></span> 
     </span>
     <span class='ocr_line' id='line_1_27' title="bbox 136 1805 1664 1869; baseline 0.003 -21"><span class='ocrx_word' id='word_1_225' title='bbox 136 1805 263 1863; x_wconf 77' lang='lat' dir='ltr'><strong>lupus</strong></span> <span class='ocrx_word' id='word_1_226' title='bbox 280 1807 470 1849; x_wconf 73' lang='lat' dir='ltr'><strong>stabulis.</strong></span> <span class='ocrx_word' id='word_1_227' title='bbox 490 1813 552 1859; x_wconf 87' lang='lat' dir='ltr'><strong>et,</strong></span> <span class='ocrx_word' id='word_1_228' title='bbox 593 1808 770 1852; x_wconf 68' lang='lat' dir='ltr'><strong>Varium</strong></span> <span class='ocrx_word' id='word_1_229' title='bbox 793 1816 834 1853; x_wconf 76' lang='lat' dir='ltr'><strong>et</strong></span> <span class='ocrx_word' id='word_1_230' title='bbox 860 1811 1064 1854; x_wconf 71' lang='lat' dir='ltr'><strong>mutabile</strong></span> <span class='ocrx_word' id='word_1_231' title='bbox 1082 1825 1243 1867; x_wconf 73' lang='lat' dir='ltr'><strong>Semper</strong></span> <span class='ocrx_word' id='word_1_232' title='bbox 1262 1809 1447 1869; x_wconf 73' lang='lat' dir='ltr'><strong>femina.</strong></span> <span class='ocrx_word' id='word_1_233' title='bbox 1510 1810 1664 1866; x_wconf 89' lang='lat' dir='ltr'><strong>[Addi-</strong></span> 
     </span>
     <span class='ocr_line' id='line_1_28' title="bbox 138 1867 1663 1922; baseline 0.003 -16"><span class='ocrx_word' id='word_1_234' title='bbox 138 1868 212 1906; x_wconf 87' lang='lat' dir='ltr'><strong>tur</strong></span> <span class='ocrx_word' id='word_1_235' title='bbox 248 1867 384 1908; x_wconf 87' lang='lat' dir='ltr'><strong>etiam</strong></span> <span class='ocrx_word' id='word_1_236' title='bbox 421 1870 611 1922; x_wconf 66' lang='grc' dir='ltr'><strong>πρᾶγμα,</strong></span> <span class='ocrx_word' id='word_1_237' title='bbox 642 1867 692 1909; x_wconf 86' lang='lat' dir='ltr'><strong>it.</strong></span> <span class='ocrx_word' id='word_1_238' title='bbox 725 1882 790 1909; x_wconf 74' lang='grc' dir='ltr'><strong>τιε</strong></span> <span class='ocrx_word' id='word_1_239' title='bbox 822 1883 921 1922; x_wconf 80' lang='lat' dir='ltr'><strong>quae</strong></span> <span class='ocrx_word' id='word_1_240' title='bbox 963 1870 1118 1911; x_wconf 88' lang='lat' dir='ltr'><strong>malim</strong></span> <span class='ocrx_word' id='word_1_241' title='bbox 1157 1870 1302 1911; x_wconf 84' lang='lat' dir='ltr'><strong>dicere</strong></span> <span class='ocrx_word' id='word_1_242' title='bbox 1333 1882 1389 1910; x_wconf 87' lang='lat' dir='ltr'><strong>ex</strong></span> <span class='ocrx_word' id='word_1_243' title='bbox 1417 1869 1663 1911; x_wconf 87' lang='lat' dir='ltr'><strong>abundanti</strong></span> 
     </span>
     <span class='ocr_line' id='line_1_29' title="bbox 137 1923 1664 1980; baseline 0.003 -16"><span class='ocrx_word' id='word_1_244' title='bbox 137 1923 289 1965; x_wconf 87' lang='lat' dir='ltr'><strong>addita</strong></span> <span class='ocrx_word' id='word_1_245' title='bbox 309 1937 420 1972; x_wconf 90' lang='lat' dir='ltr'><strong>esse,</strong></span> <span class='ocrx_word' id='word_1_246' title='bbox 453 1937 604 1976; x_wconf 88' lang='lat' dir='ltr'><strong>quam,</strong></span> <span class='ocrx_word' id='word_1_247' title='bbox 636 1926 803 1979; x_wconf 88' lang='lat' dir='ltr'><strong>siquid</strong></span> <span class='ocrx_word' id='word_1_248' title='bbox 837 1928 1089 1980; x_wconf 86' lang='lat' dir='ltr'><strong>hujusmodi</strong></span> <span class='ocrx_word' id='word_1_249' title='bbox 1123 1927 1255 1975; x_wconf 86' lang='lat' dir='ltr'><strong>desit,</strong></span> <span class='ocrx_word' id='word_1_250' title='bbox 1286 1927 1559 1975; x_wconf 73' lang='lat' dir='ltr'><strong>locutionem,</strong></span> <span class='ocrx_word' id='word_1_251' title='bbox 1587 1927 1664 1968; x_wconf 89' lang='lat' dir='ltr'><strong>ha-</strong></span> 
     </span>
     <span class='ocr_line' id='line_1_30' title="bbox 136 1980 1662 2039; baseline 0.006 -18"><span class='ocrx_word' id='word_1_252' title='bbox 136 1980 240 2022; x_wconf 90' lang='lat' dir='ltr'><strong>bere</strong></span> <span class='ocrx_word' id='word_1_253' title='bbox 272 1995 352 2036; x_wconf 88' lang='lat' dir='ltr'><strong>pro</strong></span> <span class='ocrx_word' id='word_1_254' title='bbox 383 1983 588 2037; x_wconf 88' lang='lat' dir='ltr'><strong>elliptica.</strong></span> <span class='ocrx_word' id='word_1_255' title='bbox 622 1981 750 2025; x_wconf 80' lang='lat' dir='ltr'><strong>conf.</strong></span> <span class='ocrx_word' id='word_1_256' title='bbox 786 1983 981 2027; x_wconf 86' lang='lat' dir='ltr'><strong>Fischer.</strong></span> <span class='ocrx_word' id='word_1_257' title='bbox 1019 1986 1076 2026; x_wconf 89' lang='lat' dir='ltr'><strong>ad</strong></span> <span class='ocrx_word' id='word_1_258' title='bbox 1106 1984 1283 2027; x_wconf 88' lang='lat' dir='ltr'><strong>Weller.</strong></span> <span class='ocrx_word' id='word_1_259' title='bbox 1317 1986 1383 2026; x_wconf 91' lang='lat' dir='ltr'><strong>iii.</strong></span> <span class='ocrx_word' id='word_1_260' title='bbox 1425 1985 1462 2026; x_wconf 91' lang='grc'><strong>1.</strong></span> <span class='ocrx_word' id='word_1_261' title='bbox 1491 1998 1538 2039; x_wconf 91' lang='lat' dir='ltr'><strong>p.</strong></span> <span class='ocrx_word' id='word_1_262' title='bbox 1559 1983 1662 2029; x_wconf 75' lang='lat'><strong>310.</strong></span> 
     </span>
     <span class='ocr_line' id='line_1_31' title="bbox 138 2037 1666 2098; baseline 0.003 -19"><span class='ocrx_word' id='word_1_263' title='bbox 138 2037 346 2080; x_wconf 85' lang='lat' dir='ltr'><strong>Ceterum</strong></span> <span class='ocrx_word' id='word_1_264' title='bbox 366 2040 421 2080; x_wconf 88' lang='lat' dir='ltr'><strong>ad</strong></span> <span class='ocrx_word' id='word_1_265' title='bbox 442 2042 552 2081; x_wconf 85' lang='lat' dir='ltr'><strong>talia</strong></span> <span class='ocrx_word' id='word_1_266' title='bbox 570 2046 723 2083; x_wconf 88' lang='lat' dir='ltr'><strong>neutra</strong></span> <span class='ocrx_word' id='word_1_267' title='bbox 746 2043 917 2084; x_wconf 89' lang='lat' dir='ltr'><strong>librarii</strong></span> <span class='ocrx_word' id='word_1_268' title='bbox 937 2044 1104 2098; x_wconf 89' lang='lat' dir='ltr'><strong>passim</strong></span> <span class='ocrx_word' id='word_1_269' title='bbox 1118 2043 1415 2090; x_wconf 88' lang='lat' dir='ltr'><strong>offenderunt,</strong></span> <span class='ocrx_word' id='word_1_270' title='bbox 1435 2043 1499 2084; x_wconf 87' lang='lat' dir='ltr'><strong>sic</strong></span> <span class='ocrx_word' id='word_1_271' title='bbox 1519 2045 1570 2084; x_wconf 89' lang='lat' dir='ltr'><strong>ut</strong></span> <span class='ocrx_word' id='word_1_272' title='bbox 1587 2045 1666 2084; x_wconf 88' lang='lat' dir='ltr'><strong>aut</strong></span> 
     </span>
     <span class='ocr_line' id='line_1_32' title="bbox 137 2099 1663 2149; baseline 0.003 -12"><span class='ocrx_word' id='word_1_273' title='bbox 137 2109 298 2149; x_wconf 87' lang='lat' dir='ltr'><strong>genera</strong></span> <span class='ocrx_word' id='word_1_274' title='bbox 319 2103 615 2149; x_wconf 83' lang='lat' dir='ltr'><strong>exaequarent,</strong></span> <span class='ocrx_word' id='word_1_275' title='bbox 647 2104 723 2140; x_wconf 87' lang='lat' dir='ltr'><strong>aut</strong></span> <span class='ocrx_word' id='word_1_276' title='bbox 743 2101 854 2141; x_wconf 87' lang='lat' dir='ltr'><strong>alias</strong></span> <span class='ocrx_word' id='word_1_277' title='bbox 873 2102 1025 2147; x_wconf 88' lang='lat' dir='ltr'><strong>turbas</strong></span> <span class='ocrx_word' id='word_1_278' title='bbox 1053 2102 1264 2143; x_wconf 82' lang='lat' dir='ltr'><strong>facerent.</strong></span> <span class='ocrx_word' id='word_1_279' title='bbox 1324 2099 1425 2142; x_wconf 94' lang='lat' dir='ltr'><strong>Vid.</strong></span> <span class='ocrx_word' id='word_1_280' title='bbox 1459 2099 1663 2142; x_wconf 88' lang='lat' dir='ltr'><strong>Bastium</strong></span> 
     </span>
     <span class='ocr_line' id='line_1_33' title="bbox 137 2152 1664 2215; baseline 0.003 -21"><span class='ocrx_word' id='word_1_281' title='bbox 137 2154 191 2195; x_wconf 86' lang='lat' dir='ltr'><strong>ad</strong></span> <span class='ocrx_word' id='word_1_282' title='bbox 217 2152 392 2196; x_wconf 88' lang='lat' dir='ltr'><strong>Platon.</strong></span> <span class='ocrx_word' id='word_1_283' title='bbox 416 2155 610 2210; x_wconf 89' lang='lat' dir='ltr'><strong>Sympos.</strong></span> <span class='ocrx_word' id='word_1_284' title='bbox 632 2169 675 2210; x_wconf 90' lang='lat' dir='ltr'><strong>p.</strong></span> <span class='ocrx_word' id='word_1_285' title='bbox 704 2156 798 2199; x_wconf 86' lang='lat'><strong>144.</strong></span> <span class='ocrx_word' id='word_1_286' title='bbox 832 2158 1088 2201; x_wconf 85' lang='lat' dir='ltr'><strong>Schneider.</strong></span> <span class='ocrx_word' id='word_1_287' title='bbox 1125 2160 1180 2200; x_wconf 87' lang='lat' dir='ltr'><strong>ad</strong></span> <span class='ocrx_word' id='word_1_288' title='bbox 1215 2157 1495 2213; x_wconf 86' lang='lat' dir='ltr'><strong>Xenophont.</strong></span> <span class='ocrx_word' id='word_1_289' title='bbox 1528 2157 1664 2215; x_wconf 56' lang='lat' dir='ltr'><strong>Cyrro-</strong></span> 
     </span>
     <span class='ocr_line' id='line_1_34' title="bbox 135 2211 1660 2270; baseline 0.003 -17"><span class='ocrx_word' id='word_1_290' title='bbox 135 2212 246 2266; x_wconf 78' lang='lat' dir='ltr'><strong>paed.</strong></span> <span class='ocrx_word' id='word_1_291' title='bbox 268 2226 306 2254; x_wconf 93' lang='lat' dir='ltr'><strong>v.</strong></span> <span class='ocrx_word' id='word_1_292' title='bbox 328 2211 372 2261; x_wconf 89' lang='lat'><strong>4,</strong></span> <span class='ocrx_word' id='word_1_293' title='bbox 392 2212 465 2254; x_wconf 84' lang='lat'><strong>49.</strong></span> <span class='ocrx_word' id='word_1_294' title='bbox 509 2212 688 2255; x_wconf 86' lang='lat' dir='ltr'><strong>Talibus</strong></span> <span class='ocrx_word' id='word_1_295' title='bbox 708 2216 833 2264; x_wconf 90' lang='lat' dir='ltr'><strong>locis,</strong></span> <span class='ocrx_word' id='word_1_296' title='bbox 856 2218 1125 2270; x_wconf 85' lang='lat' dir='ltr'><strong>optimorum</strong></span> <span class='ocrx_word' id='word_1_297' title='bbox 1146 2217 1410 2259; x_wconf 87' lang='lat' dir='ltr'><strong>auctoritate</strong></span> <span class='ocrx_word' id='word_1_298' title='bbox 1431 2217 1660 2264; x_wconf 87' lang='lat' dir='ltr'><strong>librorum,</strong></span> 
     </span>
     <span class='ocr_line' id='line_1_35' title="bbox 135 2270 1662 2326; baseline 0.003 -16"><span class='ocrx_word' id='word_1_299' title='bbox 135 2270 215 2311; x_wconf 88' lang='lat' dir='ltr'><strong>illa</strong></span> <span class='ocrx_word' id='word_1_300' title='bbox 231 2272 497 2313; x_wconf 85' lang='lat' dir='ltr'><strong>constructio</strong></span> <span class='ocrx_word' id='word_1_301' title='bbox 517 2273 584 2312; x_wconf 86' lang='lat' dir='ltr'><strong>vel</strong></span> <span class='ocrx_word' id='word_1_302' title='bbox 604 2274 789 2314; x_wconf 90' lang='lat' dir='ltr'><strong>tenenda</strong></span> <span class='ocrx_word' id='word_1_303' title='bbox 806 2275 872 2315; x_wconf 87' lang='lat' dir='ltr'><strong>vel</strong></span> <span class='ocrx_word' id='word_1_304' title='bbox 893 2276 1182 2317; x_wconf 89' lang='lat' dir='ltr'><strong>restituenda.</strong></span> <span class='ocrx_word' id='word_1_305' title='bbox 1240 2273 1410 2315; x_wconf 87' lang='lat' dir='ltr'><strong>Rursus</strong></span> <span class='ocrx_word' id='word_1_306' title='bbox 1425 2274 1662 2326; x_wconf 81' lang='lat' dir='ltr'><strong>diligenter</strong></span> 
     </span>
     <span class='ocr_line' id='line_1_36' title="bbox 135 2329 1660 2385; baseline 0.003 -17"><span class='ocrx_word' id='word_1_307' title='bbox 135 2329 394 2378; x_wconf 86' lang='lat' dir='ltr'><strong>cavendum,</strong></span> <span class='ocrx_word' id='word_1_308' title='bbox 426 2342 481 2370; x_wconf 90' lang='lat' dir='ltr'><strong>ne</strong></span> <span class='ocrx_word' id='word_1_309' title='bbox 501 2329 652 2370; x_wconf 85' lang='lat' dir='ltr'><strong>invitis</strong></span> <span class='ocrx_word' id='word_1_310' title='bbox 666 2332 956 2385; x_wconf 85' lang='lat' dir='ltr'><strong>scriptoribus</strong></span> <span class='ocrx_word' id='word_1_311' title='bbox 977 2333 1088 2375; x_wconf 86' lang='lat' dir='ltr'><strong>hanc</strong></span> <span class='ocrx_word' id='word_1_312' title='bbox 1110 2332 1378 2385; x_wconf 86' lang='lat' dir='ltr'><strong>elegantiam</strong></span> <span class='ocrx_word' id='word_1_313' title='bbox 1401 2332 1567 2373; x_wconf 86' lang='lat' dir='ltr'><strong>scilicet</strong></span> <span class='ocrx_word' id='word_1_314' title='bbox 1586 2332 1660 2373; x_wconf 93' lang='lat' dir='ltr'><strong>ob-</strong></span> 
     </span>
     <span class='ocr_line' id='line_1_37' title="bbox 133 2385 1660 2444; baseline 0.003 -18"><span class='ocrx_word' id='word_1_315' title='bbox 133 2386 378 2428; x_wconf 87' lang='lat' dir='ltr'><strong>trudamus.</strong></span> <span class='ocrx_word' id='word_1_316' title='bbox 437 2385 539 2428; x_wconf 91' lang='lat' dir='ltr'><strong>Vid.</strong></span> <span class='ocrx_word' id='word_1_317' title='bbox 563 2385 753 2430; x_wconf 87' lang='lat' dir='ltr'><strong>Brunck.</strong></span> <span class='ocrx_word' id='word_1_318' title='bbox 778 2390 833 2430; x_wconf 86' lang='lat' dir='ltr'><strong>ad</strong></span> <span class='ocrx_word' id='word_1_319' title='bbox 858 2388 1010 2444; x_wconf 82' lang='lat' dir='ltr'><strong>Epigr.</strong></span> <span class='ocrx_word' id='word_1_320' title='bbox 1032 2392 1181 2444; x_wconf 87' lang='lat' dir='ltr'><strong>adesp.</strong></span> <span class='ocrx_word' id='word_1_321' title='bbox 1202 2390 1416 2432; x_wconf 81' lang='lat' dir='ltr'><strong>ccccxxiX.</strong></span> <span class='ocrx_word' id='word_1_322' title='bbox 1447 2387 1584 2442; x_wconf 86' lang='lat' dir='ltr'><strong>(Lect.</strong></span> <span class='ocrx_word' id='word_1_323' title='bbox 1614 2393 1660 2431; x_wconf 87' lang='lat' dir='ltr'><strong>et</strong></span> 
     </span>
     <span class='ocr_line' id='line_1_38' title="bbox 135 2441 1660 2503; baseline 0.003 -19"><span class='ocrx_word' id='word_1_324' title='bbox 135 2441 318 2485; x_wconf 86' lang='lat' dir='ltr'><strong>Emend.</strong></span> <span class='ocrx_word' id='word_1_325' title='bbox 340 2458 383 2498; x_wconf 91' lang='lat' dir='ltr'><strong>p.</strong></span> <span class='ocrx_word' id='word_1_326' title='bbox 407 2443 529 2500; x_wconf 84' lang='grc'><strong>280.)</strong></span> <span class='ocrx_word' id='word_1_327' title='bbox 558 2444 736 2488; x_wconf 85' lang='lat' dir='ltr'><strong>Porson.</strong></span> <span class='ocrx_word' id='word_1_328' title='bbox 759 2448 815 2488; x_wconf 89' lang='lat' dir='ltr'><strong>ad</strong></span> <span class='ocrx_word' id='word_1_329' title='bbox 846 2446 1043 2503; x_wconf 86' lang='lat' dir='ltr'><strong>Euripid.</strong></span> <span class='ocrx_word' id='word_1_330' title='bbox 1064 2447 1206 2490; x_wconf 82' lang='lat' dir='ltr'><strong>Orest.</strong></span> <span class='ocrx_word' id='word_1_331' title='bbox 1242 2462 1285 2490; x_wconf 86' lang='lat' dir='ltr'><strong>v.</strong></span> <span class='ocrx_word' id='word_1_332' title='bbox 1311 2445 1410 2488; x_wconf 88' lang='grc'><strong>626.</strong></span> <span class='ocrx_word' id='word_1_333' title='bbox 1445 2448 1502 2489; x_wconf 82' lang='lat' dir='ltr'><strong>ad</strong></span> <span class='ocrx_word' id='word_1_334' title='bbox 1532 2446 1660 2489; x_wconf 79' lang='lat' dir='ltr'><strong>Phoe-</strong></span> 
     </span>
     <span class='ocr_line' id='line_1_39' title="bbox 136 2502 716 2559; baseline 0.003 -17"><span class='ocrx_word' id='word_1_335' title='bbox 136 2502 244 2543; x_wconf 89' lang='lat' dir='ltr'><strong>niss.</strong></span> <span class='ocrx_word' id='word_1_336' title='bbox 267 2515 307 2542; x_wconf 88' lang='lat' dir='ltr'><strong>v.</strong></span> <span class='ocrx_word' id='word_1_337' title='bbox 336 2502 459 2545; x_wconf 86' lang='lat'><strong>1705.</strong></span> <span class='ocrx_word' id='word_1_338' title='bbox 491 2503 716 2559; x_wconf 47' lang='lat' dir='ltr'><strong>Senum]</strong></span> 
     </span>
     <span class='ocr_line' id='line_1_40' title="bbox 193 2557 1655 2619; baseline 0.003 -19"><span class='ocrx_word' id='word_1_339' title='bbox 193 2557 395 2601; x_wconf 84' lang='lat' dir='ltr'><strong>AElianus</strong></span> <span class='ocrx_word' id='word_1_340' title='bbox 426 2559 531 2602; x_wconf 82' lang='lat' dir='ltr'><strong>Var.</strong></span> <span class='ocrx_word' id='word_1_341' title='bbox 566 2560 684 2602; x_wconf 73' lang='lat' dir='ltr'><strong>Hist.</strong></span> <span class='ocrx_word' id='word_1_342' title='bbox 719 2563 812 2603; x_wconf 84' lang='lat' dir='ltr'><strong>viii.</strong></span> <span class='ocrx_word' id='word_1_343' title='bbox 852 2562 915 2604; x_wconf 77' lang='grc'><strong>12.</strong></span> <span class='ocrx_word' id='word_1_344' title='bbox 947 2562 1174 2618; x_wconf 68' lang='grc' dir='ltr'>Παράδοξόν</span> <span class='ocrx_word' id='word_1_345' title='bbox 1207 2581 1270 2613; x_wconf 66' lang='grc' dir='ltr'><strong>γε,</strong></span> <span class='ocrx_word' id='word_1_346' title='bbox 1302 2566 1344 2604; x_wconf 81' lang='grc' dir='ltr'><strong>οὔ</strong></span> <span class='ocrx_word' id='word_1_347' title='bbox 1363 2563 1449 2619; x_wconf 71' lang='grc' dir='ltr'><strong>’γὰρ</strong></span> <span class='ocrx_word' id='word_1_348' title='bbox 1478 2562 1655 2610; x_wconf 60' lang='grc' dir='ltr'><strong>ἀληθές;</strong></span> 
     </span>
     <span class='ocr_line' id='line_1_41' title="bbox 137 2615 1660 2676; baseline 0.005 -21"><span class='ocrx_word' id='word_1_349' title='bbox 137 2615 356 2658; x_wconf 71' lang='grc' dir='ltr'>ἐκπεσόντος</span> <span class='ocrx_word' id='word_1_350' title='bbox 378 2617 654 2664; x_wconf 58' lang='grc' dir='ltr'>Δημοσθένους</span> <span class='ocrx_word' id='word_1_351' title='bbox 675 2621 710 2660; x_wconf 82' lang='grc' dir='ltr'><strong>ἐν</strong></span> <span class='ocrx_word' id='word_1_352' title='bbox 731 2619 973 2674; x_wconf 46' lang='grc' dir='ltr'>Μακεδονίᾳ</span> <span class='ocrx_word' id='word_1_353' title='bbox 1030 2618 1156 2676; x_wconf 81' lang='lat' dir='ltr'><strong>(Res)</strong></span> <span class='ocrx_word' id='word_1_354' title='bbox 1176 2620 1287 2664; x_wconf 69' lang='lat' dir='ltr'><strong>mira</strong></span> <span class='ocrx_word' id='word_1_355' title='bbox 1307 2627 1380 2674; x_wconf 64' lang='lat'><strong>6825,</strong></span> <span class='ocrx_word' id='word_1_356' title='bbox 1401 2635 1542 2663; x_wconf 67' lang='lat' dir='ltr'><strong>nonne</strong></span> <span class='ocrx_word' id='word_1_357' title='bbox 1558 2633 1660 2676; x_wconf 75' lang='lat' dir='ltr'><em>PTO-</em></span> 
     </span>
     <span class='ocr_line' id='line_1_42' title="bbox 123 2671 1657 2730; baseline 0.003 -16"><span class='ocrx_word' id='word_1_358' title='bbox 123 2671 278 2730; x_wconf 80' lang='lat' dir='ltr'><strong>fecto?</strong></span> <span class='ocrx_word' id='word_1_359' title='bbox 336 2673 658 2718; x_wconf 70' lang='lat' dir='ltr'><strong>Demosthenem</strong></span> <span class='ocrx_word' id='word_1_360' title='bbox 697 2678 885 2720; x_wconf 74' lang='lat' dir='ltr'><strong>orationi</strong></span> <span class='ocrx_word' id='word_1_361' title='bbox 925 2692 1010 2721; x_wconf 73' lang='lat' dir='ltr'><strong>suae</strong></span> <span class='ocrx_word' id='word_1_362' title='bbox 1049 2678 1259 2721; x_wconf 69' lang='lat' dir='ltr'><strong>eoecz&#39;dz&#39;sse</strong></span> <span class='ocrx_word' id='word_1_363' title='bbox 1296 2679 1345 2721; x_wconf 75' lang='lat' dir='ltr'><strong>in</strong></span> <span class='ocrx_word' id='word_1_364' title='bbox 1383 2676 1657 2720; x_wconf 72' lang='lat' dir='ltr'><strong>Macedonia.</strong></span> 
     </span>
     <span class='ocr_line' id='line_1_43' title="bbox 135 2730 1658 2792; baseline 0.003 -21"><span class='ocrx_word' id='word_1_365' title='bbox 135 2730 296 2772; x_wconf 85' lang='lat' dir='ltr'><strong>Plenus</strong></span> <span class='ocrx_word' id='word_1_366' title='bbox 333 2746 474 2775; x_wconf 85' lang='lat' dir='ltr'><strong>Sermo</strong></span> <span class='ocrx_word' id='word_1_367' title='bbox 508 2739 649 2776; x_wconf 78' lang='lat' dir='ltr'><strong>esset:</strong></span> <span class='ocrx_word' id='word_1_368' title='bbox 682 2735 907 2791; x_wconf 70' lang='grc' dir='ltr'>Παράδοξόν</span> <span class='ocrx_word' id='word_1_369' title='bbox 940 2755 984 2786; x_wconf 67' lang='grc' dir='ltr'><strong>«γε</strong></span> <span class='ocrx_word' id='word_1_370' title='bbox 1015 2738 1160 2792; x_wconf 68' lang='grc' dir='ltr'>χρῆμά</span> <span class='ocrx_word' id='word_1_371' title='bbox 1189 2742 1303 2786; x_wconf 71' lang='grc' dir='ltr'>ἔστιν,</span> <span class='ocrx_word' id='word_1_372' title='bbox 1335 2740 1376 2778; x_wconf 81' lang='grc' dir='ltr'><strong>οὐ</strong></span> <span class='ocrx_word' id='word_1_373' title='bbox 1405 2737 1479 2791; x_wconf 60' lang='grc' dir='ltr'><strong>’γὰρ</strong></span> <span class='ocrx_word' id='word_1_374' title='bbox 1509 2734 1658 2778; x_wconf 60' lang='grc' dir='ltr'><strong>ἀληθὲς</strong></span> 
     </span>
     <span class='ocr_line' id='line_1_44' title="bbox 138 2787 1656 2850; baseline 0.003 -21"><span class='ocrx_word' id='word_1_375' title='bbox 138 2787 189 2842; x_wconf 82' lang='grc' dir='ltr'><strong>(ἰ.</strong></span> <span class='ocrx_word' id='word_1_376' title='bbox 213 2803 251 2830; x_wconf 91' lang='lat' dir='ltr'><strong>e.</strong></span> <span class='ocrx_word' id='word_1_377' title='bbox 275 2793 362 2830; x_wconf 78' lang='grc' dir='ltr'><strong><em>κατ’</em></strong></span> <span class='ocrx_word' id='word_1_378' title='bbox 384 2791 531 2835; x_wconf 58' lang='grc' dir='ltr'><strong>ἀληθὲς</strong></span> <span class='ocrx_word' id='word_1_379' title='bbox 550 2793 668 2848; x_wconf 66' lang='grc' dir='ltr'><strong>ἔργον,</strong></span> <span class='ocrx_word' id='word_1_380' title='bbox 685 2792 1289 2850; x_wconf 62' lang='grc' dir='ltr'><strong>νθ1ἅληὲῶς,),Δἠμοσθένους.</strong></span> <span class='ocrx_word' id='word_1_381' title='bbox 1314 2794 1499 2842; x_wconf 84' lang='lat' dir='ltr'><strong>Mirum,</strong></span> <span class='ocrx_word' id='word_1_382' title='bbox 1514 2792 1656 2846; x_wconf 40' lang='lat' dir='ltr'><strong>&#39;quan-</strong></span> 
     </span>
     <span class='ocr_line' id='line_1_45' title="bbox 136 2848 1655 2906; baseline 0.003 -19"><span class='ocrx_word' id='word_1_383' title='bbox 136 2850 233 2888; x_wconf 87' lang='lat' dir='ltr'><strong>tum</strong></span> <span class='ocrx_word' id='word_1_384' title='bbox 255 2848 363 2888; x_wconf 91' lang='lat' dir='ltr'><strong>illud</strong></span> <span class='ocrx_word' id='word_1_385' title='bbox 384 2849 531 2892; x_wconf 64' lang='grc' dir='ltr'><strong>ἀληθὲς</strong></span> <span class='ocrx_word' id='word_1_386' title='bbox 546 2852 721 2892; x_wconf 84' lang='lat' dir='ltr'><strong>torserit</strong></span> <span class='ocrx_word' id='word_1_387' title='bbox 737 2852 854 2892; x_wconf 83' lang='lat' dir='ltr'><strong>viros</strong></span> <span class='ocrx_word' id='word_1_388' title='bbox 879 2852 1046 2899; x_wconf 88' lang='lat' dir='ltr'><strong>doctos,</strong></span> <span class='ocrx_word' id='word_1_389' title='bbox 1073 2865 1262 2906; x_wconf 90' lang='lat' dir='ltr'><strong>quorum</strong></span> <span class='ocrx_word' id='word_1_390' title='bbox 1289 2853 1367 2894; x_wconf 91' lang='lat' dir='ltr'><strong>alii</strong></span> <span class='ocrx_word' id='word_1_391' title='bbox 1387 2852 1543 2904; x_wconf 81' lang='lat' dir='ltr'><strong>ejicere</strong></span> <span class='ocrx_word' id='word_1_392' title='bbox 1564 2863 1655 2891; x_wconf 87' lang='lat' dir='ltr'><strong>ma-</strong></span> 
     </span>
     <span class='ocr_line' id='line_1_46' title="bbox 135 2905 1655 2960; baseline 0.004 -16"><span class='ocrx_word' id='word_1_393' title='bbox 135 2905 327 2952; x_wconf 84' lang='lat' dir='ltr'><strong>luerunt,</strong></span> <span class='ocrx_word' id='word_1_394' title='bbox 358 2907 435 2947; x_wconf 89' lang='lat' dir='ltr'><strong>alii</strong></span> <span class='ocrx_word' id='word_1_395' title='bbox 454 2909 600 2960; x_wconf 85' lang='lat' dir='ltr'><strong>legere</strong></span> <span class='ocrx_word' id='word_1_396' title='bbox 620 2911 711 2949; x_wconf 54' lang='lat'><strong><em>0270?</em></strong></span> <span class='ocrx_word' id='word_1_397' title='bbox 744 2908 908 2956; x_wconf 62' lang='grc' dir='ltr'><strong>ἀληθὲς,</strong></span> <span class='ocrx_word' id='word_1_398' title='bbox 939 2923 1039 2951; x_wconf 89' lang='lat' dir='ltr'><strong>cum</strong></span> <span class='ocrx_word' id='word_1_399' title='bbox 1059 2911 1209 2951; x_wconf 88' lang='lat' dir='ltr'><strong>omnia</strong></span> <span class='ocrx_word' id='word_1_400' title='bbox 1238 2911 1325 2951; x_wconf 89' lang='lat' dir='ltr'><strong>sint</strong></span> <span class='ocrx_word' id='word_1_401' title='bbox 1358 2921 1467 2950; x_wconf 87' lang='lat' dir='ltr'><strong>sana</strong></span> <span class='ocrx_word' id='word_1_402' title='bbox 1496 2912 1542 2949; x_wconf 85' lang='lat' dir='ltr'><strong>et</strong></span> <span class='ocrx_word' id='word_1_403' title='bbox 1571 2909 1655 2950; x_wconf 90' lang='lat' dir='ltr'><strong>ele-</strong></span> 
     </span>
     <span class='ocr_line' id='line_1_47' title="bbox 136 2962 1656 3015; baseline 0.003 -12"><span class='ocrx_word' id='word_1_404' title='bbox 136 2963 291 3015; x_wconf 84' lang='lat' dir='ltr'><strong>ganter</strong></span> <span class='ocrx_word' id='word_1_405' title='bbox 311 2963 444 3006; x_wconf 81' lang='lat' dir='ltr'><strong>dicta.</strong></span> <span class='ocrx_word' id='word_1_406' title='bbox 506 2964 606 3007; x_wconf 84' lang='lat' dir='ltr'><strong>Scil.</strong></span> <span class='ocrx_word' id='word_1_407' title='bbox 641 2965 685 3007; x_wconf 79' lang='grc' dir='ltr'><strong>τὸ</strong></span> <span class='ocrx_word' id='word_1_408' title='bbox 713 2962 859 3010; x_wconf 66' lang='grc' dir='ltr'><strong>ἀληθὲς</strong></span> <span class='ocrx_word' id='word_1_409' title='bbox 892 2967 988 3009; x_wconf 90' lang='lat' dir='ltr'><strong>heic</strong></span> <span class='ocrx_word' id='word_1_410' title='bbox 1016 2967 1326 3010; x_wconf 86' lang='lat' dir='ltr'><strong>adverbialiter</strong></span> <span class='ocrx_word' id='word_1_411' title='bbox 1350 2968 1556 3014; x_wconf 84' lang='lat' dir='ltr'><strong>sumitur,</strong></span> <span class='ocrx_word' id='word_1_412' title='bbox 1588 2970 1656 3008; x_wconf 88' lang='lat' dir='ltr'><strong>est</strong></span> 
     </span>
     <span class='ocr_line' id='line_1_48' title="bbox 137 3020 1656 3080; baseline 0.004 -19"><span class='ocrx_word' id='word_1_413' title='bbox 137 3021 253 3062; x_wconf 87' lang='lat' dir='ltr'><strong>enim</strong></span> <span class='ocrx_word' id='word_1_414' title='bbox 274 3020 436 3064; x_wconf 82' lang='lat' dir='ltr'><strong>Atticis</strong></span> <span class='ocrx_word' id='word_1_415' title='bbox 458 3023 652 3079; x_wconf 61' lang='grc' dir='ltr'><strong>ἐπίῤῥννμαι</strong></span> <span class='ocrx_word' id='word_1_416' title='bbox 682 3023 965 3074; x_wconf 62' lang='lat' dir='ltr'><strong>Saeuam-mbr,</strong></span> <span class='ocrx_word' id='word_1_417' title='bbox 998 3026 1200 3080; x_wconf 87' lang='lat' dir='ltr'><strong>idemque</strong></span> <span class='ocrx_word' id='word_1_418' title='bbox 1234 3027 1359 3068; x_wconf 76' lang='lat' dir='ltr'><strong>notat</strong></span> <span class='ocrx_word' id='word_1_419' title='bbox 1384 3024 1506 3079; x_wconf 86' lang='lat' dir='ltr'><strong>quod</strong></span> <span class='ocrx_word' id='word_1_420' title='bbox 1523 3023 1656 3073; x_wconf 67' lang='grc' dir='ltr'>ὅντως,</span> 
     </span>
    </p>
   </div>
   <div class='ocr_carea' id='block_1_5' title="bbox 869 1371 1101 1381">
    <p class='ocr_par' dir='ltr' id='par_1_5' title="bbox 869 1371 1101 1381">
     <span class='ocr_line' id='line_1_49' title="bbox 869 1371 1101 1381; baseline 0 0"><span class='ocrx_word' id='word_1_421' title='bbox 869 1371 1101 1381; x_wconf 95' lang='lat' dir='ltr'><strong> </strong></span> 
     </span>
    </p>
   </div>
  </div>
 </body>
</html>
