1838 3164
167 193 255 247 336
708 224 906 260 ELL11>s1s
926 222 1165 260 NOMINUM.

170 318 403 364 audienda.
465 322 659 368 Omnino
679 327 763 370 viri
785 327 903 370 docti
925 327 978 370 eii
998 327 1109 368 mire
1129 320 1372 367 abutuntur
1387 322 1443 366 ad
1462 317 1696 378 explehdas

172 378 364 433 ellipses,
384 387 493 433 quas
519 386 683 432 temere
702 387 1015 428 confinxerunt.
1050 382 1280 437 ScHAEF.]

168 491 177 499 ·
223 436 260 463 '³¹²'
279 434 330 478 In
351 440 480 483 κλοπη
514 446 590 484 τῶν
611 442 796 491 δημοσίων
832 457 866 485 S.
896 443 1131 500 χρημάτων.
1195 440 1431 494 Dionysius
1449 437 1693 495 Hauc-*fib

165 506 221 536 lv.
244 507 289 550 p.
314 495 415 538 217.
463 496 522 540 Οἱ
539 502 891 555 κατανοσφιζόμενοι
912 501 964 542 τοὶ
985 501 1161 548 δημόσια.
1196 498 1330 540 Plene
1352 497 1595 539 Herodian.
1615 497 1692 554 lib.

165 553 243 593 vii.
265 567 302 594 c.
323 553 383 595 ix.
406 554 476 596 22.
511 555 739 612 Χρημάτων
760 558 950 600 ἰδιωτικῶν
964 558 1027 599 καὶ
1042 558 1228 606 δημοσίων
1247 558 1436 612 ἁρπαγης.
1469 554 1542 596 Sic
1557 555 1694 597 ettam

163 609 321 676 Latini·
351 612 397 653 in
424 615 669 670 repetundis
707 619 753 657 et
801 616 1135 672 repetundarum
1171 615 1441 656 subaudiunt
1473 610 1691 669 pecuniis&

158 680 475 722 peoumarum;
524 675 647 726 cujus
691 675 896 729 ellipseos
935 675 1100 728 ubique
1131 677 1233 714 sunt
1261 672 1476 726 exempla.
1537 668 1694 712 Cicero

166 726 221 765 ad
242 726 410 769 Divers.
432 729 509 770 lib.
532 732 625 771 viii.
649 745 718 786 ep.
755 732 847 773 viii.
883 731 953 774 De
982 730 1226 788 repetundis
1262 729 1432 771 saucius
1462 726 1584 770 Pilio
1605 733 1691 768 tra-

165 782 299 826 detur.
360 784 495 827 Plene
519 788 633 830 idem
661 803 741 843 pro
776 788 978 832 Cluentio
1013 804 1050 831 c.
1087 789 1170 830 liii.
1209 786 1271 830 Te·
1293 787 1388 843 lege
1410 785 1691 843 pecuniarum

162 842 493 897 repetundarum
532 859 618 888 raon
655 846 801 889 teneri.
863 847 914 889 ln
951 846 1104 897 ἀγαθαὶ,
1135 847 1250 899 quod
1281 858 1405 898 aeque
1438 858 1489 886 ac
1510 842 1690 884 Latino-

163 911 263 940 rum
298 899 406 943 bona
439 905 583 945 omnis
604 906 779 958 generis
801 905 1036 947 facultates
1054 909 1097 946 et
1123 904 1273 957 copias
1302 903 1520 944 interdum
1552 901 1690 954 signi·
1738 909 1741 914 '

162 955 278 999 ficat-
341 958 446 1000 Luc.
477 962 507 1001 i.
531 961 601 1004 53.
634 962 855 1005 Πεινῶντας
888 966 1087 1005 ἐνέπλησεν
1104 960 1278 1010 ἀγαθῶν.
1339 959 1389 1001 In
1410 953 1588 1006 παιδικᾶ,
1620 960 1687 998 Τά-

163 1012 435 1058 Themistius
457 1017 580 1060 Orat.
613 1021 673 1060 xi.
701 1034 743 1074 p.
786 1020 880 1062 144.
912 1021 1100 1075 Supplet
1123 1017 1347 1059 Maximus
1366 1017 1467 1071 Tyr.
1501 1016 1688 1057 Dissert.

161 1074 286 1114 xv'iii.
311 1087 346 1115 s.
372 1074 437 1117 10.
476 1073 543 1116 To}
571 1077 733 1119 παιδικά
761 1079 975 1134 χρήματα,
1035 1076 1086 1118 In
1106 1074 1472 1130 Inscriptionibus
1493 1074 1691 1127 antiquis

164 1133 325 1184 saepius
350 1135 539 1175 occurrit
573 1136 616 1174 ἐκ
647 1140 722 1176 τῶν
745 1135 843 1177 ἰδίων
864 1135 1060 1179 ἀνέθηκεν.
1099 1135 1194 1176 sub.
1230 1134 1465 1188 χρημάτων.
1502 1131 1590 1172 vid.
1621 1129 1690 1171 In-

163 1189 344 1243 scriptio
379 1192 497 1244 apud
529 1191 745 1246 Sponium
782 1196 827 1235 in
862 1192 1016 1235 Itiner.
1053 1198 1085 1235 t.
1108 1193 1173 1234 iii.
1195 1205 1237 1246 p.
1259 1191 1358 1233 206.
1420 1188 1574 1231 Cuml
1605 1187 1689 1229 Co-

164 1246 301 1289 rinth.
323 1249 384 1289 xi.
405 1248 476 1290 22.
501 1250 726 1303 eleganter
744 1254 1001 1307 conspirant
1029 1252 1106 1292 illa
1138 1250 1296 1291 Stobaei
1327 1263 1368 1303 p.
1407 1247 1507 1291 503.
1545 1260 1587 1288 v.
1621 1245 1688 1288 15.

165 1301 303 1346 Κακὸς
319 1305 352 1345 δ’
381 1308 398 1346 ὅ
417 1307 477 1355 μῆ
496 1305 621 1361 ”χων,
646 1312 675 1350 οἶ
696 1308 727 1348 δ’
745 1310 902 1363 ἔχοντες
921 1308 1053 1351 ὅλςιοι.
1086 1322 1128 1350 V.
1154 1306 1221 1348 Cl.
1243 1306 1501 1348 Valckenar.
1533 1305 1586 1346 ad
1607 1303 1691 1345 Eu-

162 1363 294 1416 ripid.
314 1362 468 1408 Phoen.
491 1379 529 1407 v.
550 1365 650 1408 408.
711 1364 761 1407 In
784 1369 836 1408 τά
852 1369 1096 1423 ὑπάρχοντα.
1157 1365 1320 1406 Matth.
1343 1377 1444 1406 xxv,
1470 1363 1535 1404 14.
1583 1360 1688 1404 Non

164 1422 283 1461 enim
305 1423 526 1464 satisfacit
546 1423 591 1463 τὸ
611 1423 765 1473 ἀγαθοὶ,
796 1426 912 1478 quod
945 1427 1091 1479 ipsum
1117 1423 1383 1476 adjectivum
1403 1424 1488 1469 est,
1519 1423 1565 1462 et
1586 1433 1689 1474 sup·
1718 1448 1720 1451 v

50 1491 52 1502 ¹
119 1490 130 1499 ·
162 1490 362 1533 pressum
385 1481 516 1522 habet
535 1483 776 1536 πράγματα,
795 1485 862 1523 vel
885 1483 1100 1538 χρήματα.
1134 1480 1350 1522 SOHWEB·

222 1536 248 1562 ²*
280 1544 309 1563 ‘⁶
333 1536 530 1579 AEschin.
554 1552 596 1593 p.
618 1538 715 1580 415.
733 1543 766 1581 t.
796 1541 832 1581 l.
857 1542 898 1580 ἐκ
915 1543 988 1581 τῶν
1009 1542 1080 1582 τῆς
1099 1540 1265 1587 πόλεως.
1291 1538 1429 1579 intell.
1453 1535 1687 1591 χρημάτων·

163 1606 261 1646 quae
281 1608 324 1649 p.
346 1594 447 1638 419.
474 1597 679 1638 dicuntur
714 1598 765 1638 τοὶ
800 1598 963 1646 δημόσια
999 1597 1213 1652 χρήματα.
1272 1595 1407 1636 Arist.
1444 1593 1560 1634 Plut.
1589 1590 1691 1633 569.

163 1654 459 1698 πλουτήσαντες
492 1654 569 1695 α’πὸ
597 1659 672 1696 τῶν
714 1659 852 1696 κοινῶν·
897 1656 1031 1696 schol.
1071 1653 1238 1696 Dorvil.
1279 1653 1356 1694 ἀπὸ
1392 1656 1466 1693 τῶν
1503 1650 1690 1699 δημοσίων

163 1713 400 1764 χρημάτων.
461 1710 559 1765 Lys.
588 1712 653 1754 16.
674 1727 718 1768 p.
741 1712 841 1754 577.
859 1717 894 1755 t.
923 1713 960 1754 l.
983 1716 1056 1754 τῶν
1076 1711 1282 1768 πατρῴων,
1315 1714 1359 1752 et
1387 1709 1566 1762 ibid-p.
1590 1706 1687 1748 617.

165 1767 218 1807 τα
233 1774 412 1825 πατρῷα.
444 1767 538 1811 Isae.
559 1783 599 1824 p.
621 1769 692 1812 46.
720 1774 753 1812 t.
775 1771 816 1814 7.
840 1774 915 1814 τῶν
934 1770 1181 1826 παππῲων.”
1221 1767 1409 1811 Fischer.
1432 1768 1488 1810 ad
1508 1765 1688 1808 Weller.

162 1824 229 1867 iii.
258 1826 295 1868 1.
313 1841 356 1883 p.
373 1825 473 1870 264.
495 1842 531 1870 s.
565 1827 768 1871 SGHAEF.

790 1891 813 1915 ἐκ
843 1886 1084 1944 Χρημάτων.

220 1950 288 1991 Ad
317 1952 578 1994 vocabulum
608 1955 820 2009 περιουσία,
850 1954 965 2007 quod
985 1952 1167 2008 proprie
1186 1955 1232 1993 et
1249 1952 1441 2006 primum
1472 1949 1691 2003 significat

162 2006 229 2056 iol,
253 2009 366 2065 quod
395 2011 513 2066 apud
534 2011 715 2053 alterum
742 2019 818 2060 est,
854 2014 946 2053 sive
981 2009 1095 2068 quod
1130 2008 1318 2052 habetur.
1381 2008 1505 2063 Opus
1540 2009 1689 2048 autem

163 2071 232 2107 est
252 2068 480 2116 vocabulo,
512 2071 647 2121 quod,
670 2073 797 2123 quale
827 2071 887 2111 sit
918 2070 1034 2123 quod
1067 2069 1269 2116 habetur,
1302 2068 1466 2109 indicet
1485 2068 1530 2107 et
1549 2065 1689 2106 finiat.

163 2123 232 2164 Ad
251 2126 511 2168 vocabulum
530 2127 667 2179 igitur
693 2130 890 2183 περιουσία
911 2127 1161 2169 addendum
1195 2127 1430 2181 χρημάτων,
1462 2125 1588 2177 quasi
1625 2121 1690 2162 di-

163 2185 287 2223 catur
305 2181 468 2225 habitio
491 2185 582 2226 sive
596 2184 805 2240 possessio
825 2199 965 2242 opum.
1026 2184 1159 2226 Plene
1194 2185 1260 2225 ita
1281 2184 1396 2224 dixit
1413 2179 1688 2234 Thucydides

163 2239 240 2338 lbib.
264 2240 537 2339 ἰ.ΒΠεριουσίας
562 2246 716 2291 μᾶλλον
736 2244 896 2297 ’ἔχουσαι
916 2244 1152 2299 χρημάτων,
1162 2241 1265 2298 plus
1284 2254 1411 2298 opum
1432 2235 1688 2296 acquirenti-

193 2310 254 2339 πε
329 2312 474 2342 ERNH.

512 2359 535 2384 ιε
565 2343 989 2407 ΧΡΗΣΤΗΡΙΟΝ,
1022 2355 1378 2400 ORACULUM.

222 2422 391 2478 Saepius
415 2426 581 2466 ἐλλιπῶς
609 2429 792 2467 utuntur
812 2439 916 2467 voce
939 2422 1114 2480 χρῆσθαι
1149 2425 1215 2466 vel
1248 2421 1445 2478 χρᾶσθαι,
1463 2417 1690 2477 oraculum

158 2485 302 2537 petere
322 2482 381 2523 ad
411 2482 725 2531 consulendum,
765 2484 902 2539 [imo:
948 2481 1165 2524 oraculum
1200 2479 1427 2523 consulere.
1460 2475 1686 2532 Souara]

165 2540 418 2594 scriptores,
439 2555 478 2583 e.
501 2555 544 2594 g.
605 2539 824 2583 Homerus
855 2539 1008 2594 Odyss.
1046 2539 1107 2581 Θ.
1140 2553 1182 2581 v.
1207 2539 1277 2581 81.
1302 2538 1356 2579 A.
1381 2552 1421 2580 v.
1448 2535 1543 2579 164.
1603 2532 1688 2575 Ex-

163 2603 326 2656 pressit
358 2615 461 2644 vero
490 2599 740 2642 Herodotus
774 2601 851 2641 lib.
891 2600 949 2640 vi.
982 2613 1020 2641 c.
1055 2597 1126 2640 70.
1154 2596 1226 2639 Ἐς
1245 2595 1429 2649 Δελφοὺς
1453 2594 1689 2650 χρησόμενος

165 2666 220 2717 τῷ
254 2661 478 2716 χρηστηρίῳ
511 2661 724 2714 πορεύεται.
757 2657 972 2699 ScHwEB.
1013 2655 1064 2698 In
1104 2657 1240 2711 priori
1275 2655 1417 2710 po'etae
1455 2655 1547 2694 loco
1586 2663 1687 2692 cum

164 2720 437 2771 praecesserit
455 2714 832 2765 ΦοῖβοςἈπόλλων,
858 2715 1042 2757 subaudi
1063 2717 1194 2771 αὐτῷε
1226 2727 1329 2756 nam
1364 2713 1523 2755 dicitur
1549 2712 1686 2769 etiam

164 2776 340 2833 χρῆσθαι
373 2775 465 2833 θεῷ.
524 2775 576 2817 In
607 2777 840 2829 posteriori
875 2773 1048 2815 dativus
1091 2775 1185 2827 jam
1224 2774 1398 2814 additus
1438 2773 1529 2811 est:
1559 2769 1686 2824 ψυχῇ

163 2836 397 2891 χρησόμενον
428 2833 613 2882 Θηβαίου
642 2830 849 2889 Τειρεσίαο.
911 2831 1068 2885 Itaque
1100 2832 1195 2873 Sine
1221 2843 1353 2873 Causa
1386 2826 1684 2886 Schwebeiius,

167 2893 246 2935 hos
266 2893 382 2936 locos
399 2893 516 2934 inter
530 2893 699 2933 ἐλλιπεῖς
718 2891 885 2932 retulit.
922 2890 1126 2932 ScHAEF.

639 2963 910 3017 ΧΡΟΝΟΣ,
949 2962 1211 3029 TEMPUS.
1256 2967 1261 2970 “

220 3032 565 3081 Annumeranda
592 3036 640 3077 et
672 3032 765 3078 haec
797 3044 884 3077 vox
916 3032 1008 3076 illis
1039 3035 1125 3082 est,
1166 3042 1266 3086 quae
1300 3031 1498 3076 crebrius
1527 3025 1686 3073 lectori-
