1838 3164
563 130 893 200 vPLEONAsMI
918 142 1241 186 VERBORUM.
1617 137 1672 183 73

159 263 292 313 μένειν,
322 259 447 315 proni
478 257 543 300 illi
573 258 841 304 incedebant,
879 261 932 297 ut
958 255 1147 297 mam'me
1176 260 1502 298 consentaneum
1539 262 1661 305 esset,

159 331 384 374 verumque
410 321 572 359 namne
598 313 850 361 conveniret,
887 312 1025 355 lutum
1052 326 1224 354 manere
1261 312 1311 354 in
1339 326 1485 354 eorum
1523 314 1663 357 dorso.

161 374 371 430 Hippoer.
392 373 557 428 Aphor.
591 371 638 413 S.
659 385 700 413 v.
731 372 771 426 ᾖ.
799 370 864 412 19.
899 372 1012 416 ὁκόσα
1041 371 1301 426 αἷμορῥωγέες,
1331 370 1357 414 ἢ
1387 373 1540 418 μέλλει,
1573 385 1664 428 quoe

120 437 128 448 '
159 430 412 488 sanguinem
436 427 723 487 profundunt,
754 435 831 470 aut
851 440 942 484 quae
975 440 1228 483 consequens
1259 434 1320 469 est
1348 425 1544 484 deinceps
1566 442 1664 471 san-

159 489 333 545 guinem
350 486 629 544 profundere.
688 485 763 528 Sic
797 490 842 527 et
875 486 912 540 ᾗ.
936 484 1005 527 23.
1037 483 1216 528 Lucian.
1252 485 1306 526 de
1326 484 1429 526 hist.
1451 487 1662 528 conscrib.

160 547 199 600 ξ.
228 544 292 587 12.
313 545 377 586 καὶ
397 546 539 592 ’ἔμελλέ
570 561 614 592 ’γε
643 543 760 584 οὕτως
789 543 1063 592 ἀγανακτήσειν
1097 545 1115 582 ὁ
1143 541 1411 596 Ἀλέξανδρος,
1445 542 1484 582 ‘0¹5
1513 560 1558 591 ‘ys
1580 548 1663 585 etc.

160 603 263 646 Non
291 603 381 643 alia
410 605 476 643 est
503 601 780 654 significatio,
809 601 886 641 ubi
907 599 1176 642 commodius
1194 600 1381 641 vertitur
1402 597 1564 652 debere,
1593 614 1666 643 cu-

157 661 231 713 jus
244 658 418 712 ⁴generis
435 659 635 711 exempla
655 658 824 701 infinita
844 661 1100 711 suppetunt.
1160 656 1244 698 Sed
1275 658 1430 711 paucis
1456 670 1565 711 opus
1582 662 1665 700 est.

161 715 274 759 Plat.
293 716 376 758 vol.
394 716 451 756 vi.
475 715 528 756 de
548 714 657 769 Rep.
682 715 728 756 ii.
752 729 797 769 p.
819 714 920 756 232.
954 717 972 754 ὃ
988 715 1062 770 wip
1086 713 1266 770 «γεωργὸς,
1298 717 1348 755 ὡς
1365 714 1490 763 ἔοικεν,
1512 717 1580 755 οὐκ
1599 718 1669 757 αὖ·

115 798 117 800 -
161 773 224 814 τὸς
241 772 443 816 ποιήσεται
463 775 586 829 ἑαυτῷ
607 773 651 812 τὸ
669 770 835 828 ἄροτρον,
871 773 900 812 εἰ
932 773 1070 819 μέλλει
1100 774 1256 813 κάλλιον
1276 768 1380 812 εἶναι.
1437 769 1666 814 Demosth.

154 830 212 872 de
235 828 335 871 Cor.
356 828 429 871 29.
461 831 502 870 τί
527 831 688 877 ἔμελλον
715 833 898 870 κελεύσειν
928 828 954 873 ἢ
982 830 1023 869 τί
1052 831 1341 877 συμβουλεύσειν
1356 831 1375 869 ’ἱ
1410 826 1518 884 quid
1548 827 1669 871 debe-

159 886 253 929 bam
282 886 489 943 imperare
518 892 598 929 etc.
630 885 724 929 sive
813 885 862 929 id
886 891 1206 928 consentoeroeum
1239 892 1346 933 erat,
1375 890 1425 926 ut
1450 883 1553 942 imp.
1582 890 1667 929 etc.

162 942 232 986 Ita
259 948 303 986 et
323 943 446 986 Max.
467 943 568 998 Tyr.
587 958 659 986 xv.
684 943 725 986 5.
807 944 964 998 enoph.
1002 941 1060 984 H.
1090 942 1167 984 Gr.
1189 943 1255 984 iii.
1285 943 1328 994 3,
1363 942 1430 983 10.
1461 943 1515 984 de
1548 956 1666 998 mag.

164 1014 229 1056 eq.
248 1000 293 1049 2,
326 999 364 1042 9.
424 1001 526 1043 Alia
556 1001 686 1055 hujus
717 1003 813 1044 loca
846 1001 978 1043 index
1012 1005 1160 1042 noster
1191 1000 1324 1042 habet
1354 1003 1520 1042 notata.
1583 999 1672 1043 Sed

162 1061 288 1114 plura
300 1071 359 1100 ex
379 1057 574 1101 Homero
604 1059 840 1101 Schneider
860 1059 907 1099 in
925 1057 1259 1099 Handworterb.
1283 1070 1338 1099 ex
1358 1058 1458 1099 aliis
1478 1055 1669 1100 Fischer.

165 1118 209 1158 in
225 1115 454 1158 Animadv.
478 1117 544 1158 iii.
565 1118 607 1158 b.
632 1116 697 1157 18.
721 1130 775 1158 ss.
794 1131 818 1158 e
848 1114 999 1157 Budaei
1027 1120 1176 1157 autem
1210 1113 1456 1156 Comment.
1480 1113 1671 1168 Vigerus

163 1174 395 1228 congessit.
452 1172 536 1214 Sed
558 1174 792 1216 secundum
811 1187 878 1221 ea,
909 1187 1007 1226 quae
1035 1173 1371 1227 disputavimus,
1390 1173 1671 1227 pleonasmus

159 1244 336 1286 prorsus
356 1232 589 1273 evanescit.
626 1230 743 1273 Nam
764 1232 964 1273 futurum
986 1231 1063 1272 inf.
1090 1233 1192 1285 post
1212 1232 1366 1278 μέλλειν
1387 1233 1454 1270 est
1474 1242 1671 1272 necessa-

162 1289 288 1338 rium,
308 1291 353 1329 et
371 1289 448 1329 ubi
466 1290 662 1341 sequitur
680 1302 872 1343 praesens
893 1288 1117 1336 infinitivi,
1142 1287 1241 1328 huic
1269 1287 1500 1328 tribuenda
1518 1290 1586 1327 est
1605 1288 1673 1329 vis

161 1345 316 1386 futuri.
348 1343 555 1387 Ceterum
578 1346 738 1386 addere
757 1347 826 1387 hic
848 1345 1012 1396 licebit,
1041 1344 1093 1385 τὰ
1110 1346 1307 1392 μέλλοντα
1319 1344 1409 1384 dici
1418 1343 1581 1400 futura
1594 1358 1672 1399 per

164 1402 337 1456 ellipsin
365 1407 434 1443 τοῦ
453 1401 618 1454 ἔσεσθαι,
652 1403 768 1455 quod
788 1416 905 1456 saepe
925 1402 1114 1449 additur,
1146 1403 1198 1441 ut
1229 1398 1376 1441 AEsch.
1411 1414 1450 1442 c.
1473 1399 1674 1456 ctesiph.

164 1473 201 1501 c.
229 1457 294 1500 16.
315 1462 360 1501 et
377 1458 449 1501 24.
477 1472 742 1513 quamquam
768 1464 812 1502 et
832 1473 911 1514 per
930 1472 976 1501 se
997 1457 1293 1513 consequentia
1314 1458 1403 1498 vim
1423 1458 1565 1499 futuri
1596 1459 1672 1500 ha-

165 1518 268 1559 bent
298 1517 551 1559 involutam.
611 1516 764 1559 Multis
798 1519 906 1559 locis
931 1517 1066 1558 etiam
1097 1515 1218 1556 aliud
1249 1515 1447 1556 futurum
1471 1528 1552 1570 pro
1572 1515 1673 1557 ’ἐσεσ-

164 1572 312 1672 θαιΒῗὲ
327 1574 551 1615 antecedd.
581 1574 917 1628 intelligendum
937 1578 1018 1624 est,
1047 1576 1096 1614 ut
1127 1571 1314 1627 AEschyl.
1348 1570 1469 1614 Pers.
1502 1571 1601 1615 815.
1632 1587 1670 1615 s.

171 1634 213 1672 et
318 1661 328 1670 .

225 1687 268 1730 2.
301 1687 512 1729 Tironum
544 1689 591 1729 in
630 1689 819 1742 gratiam
853 1689 989 1729 etiam
1021 1687 1187 1739 aliquid
1219 1686 1451 1728 dicendum
1480 1690 1593 1741 puto
1619 1687 1675 1731 de

168 1746 438 1801 pleonasiae,
466 1746 541 1798 qui
570 1746 708 1787 videri
740 1750 885 1800 potest
904 1747 948 1786 in
966 1748 1053 1785 πῶς
1085 1744 1120 1783 δ’
1152 1747 1194 1784 οὑ
1222 1746 1358 1791 μέλλει
1377 1743 1444 1784 vel
1466 1745 1506 1784 τί
1533 1745 1607 1800 γὰρ
1634 1749 1678 1787 οὐ

170 1805 336 1852 μέλλειῖ
370 1801 658 1855 Frequentius
678 1804 796 1844 enim
816 1807 882 1844 est
900 1806 987 1843 πῶς
1006 1801 1040 1842 δ’
1059 1803 1134 1842 013?
1164 1804 1209 1842 et
1235 1802 1276 1841 τί
1303 1801 1378 1855 ’γὰρ
1396 1802 1468 1841 013?
1494 1800 1679 1856 quidni?
1723 1810 1725 1815 ’

172 1859 328 1901 Μέλλω
349 1861 485 1913 igitur
504 1861 674 1902 videtur
696 1861 935 1902 abundare.
996 1859 1079 1900 Sed
1101 1858 1268 1912 ellipsis
1287 1858 1436 1912 potius
1467 1862 1534 1899 est
1553 1860 1676 1902 verbi

172 1930 226 1959 ex
256 1917 478 1959 antecedd.
511 1918 798 1970 intelligendi.
858 1917 986 1959 Plato
1014 1917 1060 1957 in
1088 1914 1258 1970 Hippia
1288 1917 1369 1956 vol.
1405 1914 1471 1956 iii.
1507 1927 1552 1969 p.
1573 1915 1675 1958 202.

174 1973 342 2016 Socrati
364 1975 444 2016 hoc
462 1975 646 2016 tribuit:
681 1974 827 2015 Ἐδόκει
844 1974 933 2031 ἄρα,
955 1978 1004 2016 ὡς
1023 1975 1149 2021 ἔοικεν,
1170 1971 1342 2027 Ὁμήρῳ
1365 1971 1485 2026 ἕτερος
1504 1973 1574 2021 μὲν
1587 1971 1677 2015 εἶναι

173 2031 264 2087 α’νῆρ
294 2031 463 2080 ἀληθὴς,
496 2031 615 2087 ἕτερος
645 2031 683 2073 δὲ
715 2032 862 2080 ψευδὴς
885 2064 896 2074 .
920 2064 930 2074 .
955 2064 965 2074 .
988 2029 1241 2085 Respondet
1262 2028 1453 2084 Hippias
1486 2028 1586 2071 Πῶς
1601 2031 1677 2088 ’γὰρ

175 2091 219 2130 οὐ
254 2091 422 2137 μέλλειῒ
463 2090 508 2130 in
539 2102 626 2142 quo
657 2091 941 2144 repetendum
972 2093 1039 2131 est
1077 2087 1344 2141 cogitatione
1374 2085 1476 2135 δόξαι
1504 2085 1678 2145 Ὁμήρῳ

178 2145 300 2201 ἕτερος
325 2164 372 2196 μ..
405 2150 487 2188 etc.
548 2145 734 2201 Ellipsin
766 2146 890 2189 Plato
930 2148 1025 2202 ipse
1057 2144 1373 2198 quodammodo
1407 2144 1678 2188 demonstrat

136 2212 138 2214 ’
174 2203 304 2245 initio
324 2203 596 2258 Protagorae:
632 2203 720 2246 ET.
741 2207 858 2246 καλός
878 2221 935 2246 τις
966 2207 983 2244 ὅ
1016 2203 1114 2252 ξένος
1138 2202 1239 2251 ’ἔδοξέ
1263 2218 1314 2241 σοι
1346 2198 1448 2251 εἶναι,
1480 2201 1575 2243 ὥστε
1610 2207 1678 2245 τοῦ

179 2258 356 2303 Κλεινίου
375 2264 467 2303 υἱέος
481 2263 648 2303 καλλίων
677 2279 729 2302 σοι
758 2265 946 2315 Quiritum?
1006 2260 1098 2302 ΣΩ.
1131 2258 1228 2300 Πῶς
1247 2257 1281 2298 δ’
1311 2261 1354 2299 οὗ
1382 2260 1534 2308 μέλλει,
1555 2258 1584 2300 ὧ
1600 2277 1679 2309 μα-

124 2360 126 2362 ,
178 2319 295 2374 κάριε,
319 2318 363 2359 τὸ
395 2321 609 2372 σοφώτατον
640 2322 795 2360 κάλλιον
826 2317 1054 2373 maino-Sat?
1089 2315 1156 2358 Ita
1185 2316 1349 2372 ubique
1377 2316 1482 2357 talis
1501 2316 1679 2360 interro-

170 2376 302 2428 -gatio
319 2376 448 2419 debet
467 2377 522 2418 ad
554 2377 768 2431 integram
788 2378 1048 2418 sententiam
1075 2373 1253 2428 expleri.
1314 2389 1318 2397 ·
1633 2387 1638 2393 ’-

769 2476 1092 2520 ΟΙΧΕΣΘΑΙ.

236 2550 422 2606 Οἴχομαι
450 2551 567 2593 ἀπιὼν
605 2565 694 2594 non
731 2553 890 2594 dubius
920 2555 994 2594 ‘est
1027 2552 1322 2606 pleonasmus,
1350 2554 1396 2594 et
1427 2551 1685 2596 sicSuidas

181 2612 317 2652 etiam
335 2609 541 2664 appellat.
599 2609 716 2651 Nam
751 2609 885 2658 ἄπειμι
915 2614 981 2651 est
1014 2608 1133 2656 abeo,
1163 2613 1208 2651 et
1241 2608 1401 2661 οἴχομαι
1426 2609 1535 2651 item
1569 2609 1682 2653 abeo.

171 2668 270 2709 Sed
299 2666 551 2709 celeritatem
577 2667 792 2709 discessus
810 2667 1002 2709 declarat
1021 2667 1321 2722 participium,
1354 2667 1470 2709 sicut
1499 2665 1621 2709 ἐλθὼν
1639 2673 1684 2711 et

174 2725 260 2774 ιἰὼν,
278 2725 332 2765 de
352 2725 509 2777 quibus
530 2737 679 2779 supra.

161 2803 164 2804 ⁷
239 2781 403 2823 Verum
424 2781 495 2823 hic
513 2783 727 2823 notandus
747 2785 813 2823 est
832 2795 967 2830 error,
986 2795 1075 2836 quo
1095 2782 1302 2823 labuntur
1317 2782 1516 2824 homines
1534 2781 1687 2825 Graece

184 2839 444 2887 doctissimi,
487 2840 564 2893 qui
610 2853 696 2880 non
743 2840 789 2880 in
836 2840 1073 2894 participio
1116 2852 1216 2880 cum
1265 2842 1407 2880 ἀπιέναι
1436 2841 1684 2892 conjuncto,

185 2897 260 2938 sed
293 2897 390 2951 ipso
425 2898 556 2938 verbo
596 2895 774 2950 οἴχεσθαι
806 2897 1046 2938 celeritatis
1092 2896 1453 2949 significationem
1496 2903 1686 2949 ponunt,

181 2967 320 3010 quam
354 2955 624 2998 celeritatem
670 2954 854 3009 proinde
876 2955 994 2997 ultra
1032 2954 1210 3004 modum
1247 2958 1427 3012 augent·
1485 2953 1688 3009 Οἴχεσθωι
