1838 3164
785 155 1108 185 n-zmoum.
1626 134 1709 178 281

196 257 315 314 quod
347 256 504 312 maj0ri
537 254 674 299 etiam
692 248 936 310 ιὶαταχρῆσει
957 253 1048 295 haec
1075 265 1161 294 vox
1193 250 1374 294 omnino
1403 250 1458 293 de
1482 251 1713 310 elementis

196 317 371 358 videtur
392 319 606 368 usurpata
629 324 750 354 esse:
782 315 902 354 certe
921 310 1160 353 Lucianum
1187 314 1223 352 t.
1258 311 1287 352 i.
1314 323 1360 364 p.
1391 308 1463 350 83.
1494 310 1568 350 vix
1587 310 1716 350 aliter

198 374 434 427 intelligas.
493 370 698 414 ceterum
736 370 974 424 saepissime
1008 369 1173 411 dicitur
1212 368 1238 411 ἦ
1272 366 1503 420 δίφθογγοςε
1563 367 1716 420 paullo

196 433 341 474 rarius
359 430 416 472 ⁶:¹2⁸:v
438 427 658 483 δίφθὸᾇγον.
698 427 933 469 νΝθιιῒτίιιε
954 427 1129 481 generis
1149 426 1352 480 exempla
1380 425 1551 478 aliquot
1581 424 1716 465 habet

197 487 428 531 Fischerus
446 488 477 528 1.
498 500 535 528 c.
558 499 602 541 p.
622 484 693 527 86.
722 484 816 526 110.
841 485 935 526 111.
973 484 1176 526 somme.

256 547 284 574 ἕ
314 545 515 588 Solennis
545 544 636 586 haec
666 544 834 596 ellipsis
863 544 921 584 in·
945 542 1015 584 his
1046 541 1451 583 Grammaticorum
1485 540 1722 582 locutioni-

197 605 307 646 bus:
338 604 365 646 ’ἦ
384 601 575 658 ἄρχουσα,
596 603 622 645 ἦ
637 602 810 654 {cxiv-n,
832 602 857 644 ἦ
879 601 1070 650 λήγουσα,
1101 601 1127 643 ἦ
1144 599 1444 654 παραλήγουσα,
1473 598 1500 641 ἦ
1520 613 1717 653 προπαρα-

197 663 389 710 λήγουσα,
419 661 444 702 ἦ
464 661 779 716 παρα-τελευταία
806 658 863 712 (S.
890 660 1211 714 παρατέλευτος,)
1226 658 1252 701 ἡ
1272 650 1495 707 τελευταία,
1526 659 1609 697 cet.
1630 653 1718 696 Ex-

199 718 347 772 empla
379 717 526 760 ubivis
559 717 766 771 reperias,
828 713 929 758 Vid.
951 721 1001 757 ut
1023 717 1104 757 hoc
1124 720 1238 766 utar,
1261 713 1417 755 Moeris
1451 727 1498 768 p.
1523 711 1615 755 191.
1634 713 1718 755 ibi-

181 789 284 833 que
302 773 492 817 Pierson.
553 773 605 816 In
639 773 886 829 Etymolog.
921 772 987 815 M.
1008 788 1045 815 c.
1066 772 1167 824 351,
1198 771 1271 814 40.
1293 771 1454 822 corrig.
1484 772 1511 815 ἡ
1530 772 1601 819 μὲν
1627 787 1719 827 προ-

196 833 495 889 σαραλήγουσα.
557 831 702 874 Schol.
724 833 779 873 ad
814 833 1018 887 Apollon.
1042 830 1183 872 Rhod.
1220 831 1249 871 i.
1280 844 1317 871 v.
1354 828 1445 871 132.
1478 826 1720 878 ὄξυτονητέον
1799 861 1809 872 .

235 890 248 905 s
373 893 381 907 ι
556 896 586 915 κ
787 890 800 903 =
841 891 850 899 ·
920 891 931 904 ε
1064 892 1077 912 -’
1523 900 1532 913 r

194 887 935 994 ssswzsszffzmissuffiisssszgxg
950 889 1281 990 .{5⁰3{z.3¹.0¹¹:3,
1296 887 1448 986 8332:
1470 885 1719 986 giwii:

199 1004 317 1048 Nov.
350 1010 386 1047 t.
417 1006 495 1047 vii.
532 1019 575 1060 p.
606 1005 734 1047 777.”
764 1005 813 1048 F.
838 1005 935 1060 Sin]
994 1003 1240 1059 Etymolog.
1277 1001 1376 1044 MS.
1400 1000 1490 1043 LB.
1511 1003 1558 1043 in
1585 1000 1722 1044 Hem-

199 1065 332 1106 sterh.
369 1068 462 1106 not..
485 1063 542 1104 ad
564 1063 794 1106 Scholiast.
828 1063 1060 1118 Aristoph.
1094 1061 1207 1104 Plut.
1236 1075 1294 1116 pf
1320 1059 1421 1101 415.
1458 1060 1502 1101 b.
1523 1058 1595 1115 πρὸ
1628 1062 1723 1108 μιᾶς

199 1122 304 1175 ’ἔχειν
325 1121 388 1163 τὸν
408 1123 525 1162 τόνον.
557 1123 589 1163 i.
613 1136 652 1163 e.
668 1121 717 1163 in
734 1120 900 1178 syllaba
913 1119 1169 1178 penultima.
1232 1117 1365 1160 Plene
1386 1117 1654 1172 Porphyrius
1676 1119 1723 1159 in

200 1177 374 1221 Villois.
405 1179 567 1221 Aneed.
602 1178 678 1221 Gr.
705 1185 740 1221 t.
777 1181 825 1221 ii.
846 1193 888 1233 p.
927 1177 1019 1220 109.
1045 1170 1105 1219 ιη.
1125 1177 1187 1218 ἐπὶ
1219 1179 1290 1221 τῆς
1312 1176 1384 1231 πρὸ
1414 1175 1478 1215 δύο
1498 1175 1720 1223 συλλαβῶν,

200 1235 248 1279 in
266 1235 430 1293 syllaba
447 1236 797 1293 antepenultima.
828 1237 905 1278 ubi
927 1249 1030 1277 mox
1050 1237 1136 1288 leg.
1158 1235 1248 1275 ὅταν
1263 1233 1302 1274 δὲ
1320 1233 1392 1288 πρὸ
1409 1235 1504 1281 μιᾶς
1519 1235 1718 1280 συλλαβῆς

200 1299 271 1337 τοῦ
292 1297 438 1335 τέλους.
499 1293 707 1336 Ceterum
726 1295 863 1336 etiam
885 1295 931 1335 in
954 1291 1114 1335 Latina
1135 1293 1290 1345 lingua
1309 1303 1460 1333 vocem
1476 1289 1640 1346 syllaba
1658 1291 1723 1332 sic

200 1352 366 1400 omitti,
387 1352 495 1393 satis
511 1354 665 1394 notum
686 1357 766 1393 est.
800 1350 1006 1393 Sanmr.

321 1474 344 1504 v
525 1431 911 1481 ΣΎΜΒΟΛΑΙΑ,
944 1427 1379 1475 CONDITIONES.

258 1510 310 1554 In
326 1512 382 1565 ἐφ’
403 1510 455 1556 οῖς
472 1523 553 1565 per
572 1508 759 1565 Ellipsin
780 1509 1287 1558 omittiturovussomtois.
1348 1504 1594 1560 Xenophon
1616 1503 1723 1562 Κάρ.

203 1569 328 1612 Παιδ.
350 1570 379 1610 i.
402 1567 444 1615 6,
471 1568 533 1609 ll.
553 1565 689 1608 Ἴσασι
708 1567 800 1622 γάρ,
833 1569 888 1621 ἐφ’
911 1566 965 1608 οἷς
984 1565 1124 1608 αὐτοὺς
1140 1563 1354 1621 Κυαξάρης
1369 1562 1532 1613 heras:
1569 1564 1725 1606 'norunt

204 1627 337 1674 enim,
358 1621 511 1684 quibus
529 1625 898 1680 (conditionibus)
922 1623 1039 1681 ipsos
1059 1624 1186 1665 ducat
1210 1621 1436 1679 CyaoeareS.

262 1687 289 1713 ¹*
333 1683 622 1736 Perfrequens
675 1688 743 1725 est
790 1685 909 1725 vocis
955 1683 1086 1736 hujus
1126 1682 1174 1722 in
1222 1685 1419 1723 veterum
1470 1676 1725 1720 Graecorum

203 1744 381 1798 scriptis
415 1742 600 1796 ellipsis,
631 1742 756 1794 cujus
794 1742 961 1793 aliquot
989 1741 1193 1793 exempla
1226 1740 1273 1780 in
1302 1738 1495 1779 medium
1525 1738 1728 1791 proferre

206 1814 295 1844 non
325 1812 700 1856 supervacaneum
734 1797 923 1840 videtur.
982 1796 1034 1838 In
1069 1797 1131 1837 ἐπὶ
1168 1799 1291 1851 τούτῳ
1321 1810 1356 1837 s.
1396 1795 1647 1850 συμβολαίῳε
1679 1807 1732 1836 ea

207 1857 467 1902 conditione.
524 1855 764 1910 Dionysius
802 1855 908 1897 Hal.
946 1856 990 1896 in
1020 1853 1225 1908 Excerpt.
1262 1852 1413 1906 Legat.
1452 1865 1498 1907 p.
1522 1850 1622 1893 742.
1678 1850 1731 1893 In

209 1917 501 1966 συμβάλλοντες
520 1914 639 1968 apud
669 1913 869 1954 eumdem
897 1913 976 1954 lib.
1008 1913 1054 1953 ii.
1086 1926 1132 1967 p.
1157 1910 1250 1953 134.
1280 1909 1365 1954 Τὴν
1386 1914 1460 1951 τῶν
1481 1910 1730 1958 συμβαλλόν-

209 1991 285 2015 των
314 1975 456 2014 πίστιν.
517 1970 649 2013 Plene
675 1976 741 2012 est
769 1972 1008 2018 συμβάλλειν
1028 1970 1081 2011 τοὶ
1109 1971 1353 2017 συμβόλαια;
1398 1968 1468 2009 cui
1487 1968 1730 2021 opponitur

210 2030 383 2073 διαλῦσαι
410 2031 462 2071 ταὶ
482 2030 718 2077 συμβόλαια,
748 2030 863 2081 quod
892 2029 1008 2069 idem
1029 2028 1159 2068 habet
1190 2028 1267 2068 lib.
1295 2041 1338 2068 v.
1358 2039 1404 2081 p.
1433 2025 1532 2067 333.
1593 2023 1643 2066 In
1666 2023 1730 2066 ἐπὶ

210 2088 447 2137 διακειμένοις
481 2087 546 2128 καὶ
581 2089 731 2141 fiammis:
765 2085 888 2128 certis
921 2083 1241 2128 conditionibus
1270 2085 1391 2139 apud
1421 2082 1619 2125 eumdem
1648 2083 1726 2124 lib.

211 2148 269 2188 ix.
309 2160 356 2201 p.
396 2145 495 2187 588.
556 2143 758 2199 [Praestat
794 2145 840 2186 in
874 2144 941 2185 his
975 2156 1027 2186 ac
1067 2144 1289 2184 similibus
1334 2141 1445 2184 nihil
1475 2140 1726 2182 subaudire.

204 2202 338 2248 Ῥπτα
356 2204 535 2257 quidem
564 2203 743 2245 omnino
765 2207 868 2244 sunt
897 2215 950 2243 ea
969 2202 1023 2243 de
1049 2201 1209 2254 quibus
1237 2200 1459 2247 convenit,
1488 2211 1586 2252 quae
1606 2202 1730 2240 certa.

209 2265 374 2304 aerata
393 2266 520 2304 sunt:
544 2260 790 2314 diciturque
807 2273 923 2302 nunc
940 2260 995 2300 de
1014 2260 1171 2313 pactis,
1187 2257 1530 2304 conditionibus,
1545 2269 1660 2297 nunc
1675 2256 1731 2297 de

212 2320 465 2368 honoribus,
498 2319 815 2373 praerogativis.
874 2316 977 2359 Vid.
1005 2315 1267 2358 Valckenar.
1302 2316 1359 2357 ad
1385 2313 1587 2368 Euripid.
1615 2312 1730 2368 Hip·

210 2377 302 2432 pol.
324 2390 367 2418 V.
388 2377 491 2419 461.
511 2377 611 2419 coll.
647 2375 818 2421 Duker.
841 2375 898 2417 ad
926 2374 1168 2428 Thucydid.
1205 2387 1250 2429 p.
1291 2373 1358 2422 12,
1399 2372 1470 2413 71.
1501 2370 1729 2426 Senum]

212 2432 264 2476 In
285 2434 390 2476 κατὰ
407 2436 460 2476 τα
479 2436 706 2483 συγκείμενα
726 2433 938 2475 Herodot.
966 2433 1040 2474 lib.
1063 2433 1128 2474 iii.
1157 2446 1195 2474 e.
1220 2430 1313 2474 158.
1362 2429 1430 2472 Ταὶ
1448 2431 1729 2486 προπινόμενα.

213 2490 421 2546 Polybius
439 2497 471 2534 t.
493 2492 542 2533 ii.
561 2505 604 2546 p.
625 2490 726 2533 980.
769 2490 867 2532 Ἐπὶ
897 2492 989 2531 τίσιν
1010 2490 1294 2544 (συμβολαίοις)
1313 2487 1453 2530 αὐτοὺς
1472 2487 1532 2528 δεῖ
1542 2485 1730 2528 ποιεῖσθαι

215 2550 286 2594 τὴν
309 2551 452 2603 φιλίαν.
511 2547 628 2591 Idem
661 2554 692 2590 t.
730 2550 777 2591 ii.
811 2562 859 2603 p.
898 2546 1021 2589 1165.
1051 2546 1141 2601 Ἐφ’
1175 2548 1229 2604 ᾦ;
1260 2547 1391 2602 plene
1426 2546 1485 2586 ἐπ’
1523 2547 1646 2601 ἐκείνῳ
1675 2549 1731 2600 τῷ

214 2609 456 2663 συμβολαίῳ,
488 2608 543 2660 ἐφ’
566 2607 609 2662 ᾧ.
669 2605 878 2661 Elliptica
906 2606 1051 2647 forma
1076 2618 1273 2660 persaepe
1299 2603 1489 2646 occurrit
1509 2603 1628 2656 apud
1651 2601 1733 2643 Po-

212 2665 394 2718 lybium,
425 2678 463 2706 e.
498 2678 543 2717 g.
576 2668 605 2705 t.
642 2664 691 2706 ii.
718 2677 765 2718 p.
808 2662 943 2727 15180.
987 2663 1060 2705 Sic
1096 2663 1232 2704 etiam
1262 2661 1539 2714 Thucydides
1578 2661 1658 2702 lib.
1694 2659 1726 2700 i.

211 2735 251 2764 c.
278 2722 371 2764 113.
405 2721 578 2764 Σπονδᾶς
596 2724 854 2770 ποιησάμενοι,
885 2723 940 2774 ἐφ’
958 2719 1088 2778 ᾦτοὺς
1106 2719 1241 2776 ἄνδρας
1268 2724 1496 2769 κομιοῦνται.
1558 2717 1732 2772 [Prima

214 2778 499 2833 Scaligerana
519 2793 563 2834 p.
586 2779 655 2821 78.
688 2784 716 2802 “
737 2778 829 2832 Ἐφ’
851 2779 880 2834 ᾧ
910 2796 967 2819 τε.
1027 2777 1126 2819 Hac
1146 2778 1415 2824 conditione,
1437 2788 1611 2829 semper
1629 2788 1731 2816 cum

213 2838 472 2880 infinitivo.''
502 2835 648 2879 Falso.
672 2835 902 2878 Pei-rarum
923 2836 1005 2878 hoc
1023 2834 1153 2879 sensu
1176 2838 1232 2889 ἐφ’
1252 2833 1279 2890 '5⁷³
1299 2852 1356 2875 τε.
1417 2833 1491 2875 Sic
1501 2831 1730 2874 AEschines

213 2909 255 2937 c.
272 2893 473 2950 Ctesiph.
491 2909 536 2950 p.
554 2894 655 2936 572.
675 2908 710 2937 s.
731 2897 787 2947 ἐφ’
808 2892 834 2949 ᾗ
854 2912 896 2935 τε
917 2894 977 2943 μὴ
993 2894 1218 2949 ἒπιγραίψειν
1234 2893 1287 2934 τα
1306 2894 1478 2940 ὀνόματα
1498 2891 1550 2930 ταὶ
1571 2893 1727 2931 ἑαυτῶν.

213 2952 303 3001 vid.
321 2951 473 3001 Reisk.
491 2966 537 3015 p.
558 2951 658 2996 712.
716 2950 872 3006 Neque
892 2952 963 2995 hic
992 2953 1139 3008 plaoet
1170 2950 1225 2994 ad
1253 2950 1433 3006 ellipsin
1464 2947 1730 2991 substantivi
