1838 3164
566 183 762 218 Emesis
784 182 994 222 ptumum
1021 181 1196 216 vocum.
1554 166 1639 210 497

117 286 252 331 az’mlv.
312 283 548 328 Athenaeus
567 287 646 337 lib.
666 285 762 327 viii.
783 299 820 327 e.
845 282 912 326 15.
940 282 990 326 ΕΞ
1010 286 1081 332 μέν
1102 301 1138 324 τι
1173 282 1311 324 δώσεις·
1329 283 1359 323 εἶ
1394 282 1434 324 δὲ
1455 281 1533 331 μ’ἶ),
1565 285 1633 325 οὔκ

121 346 294 394 ἐάσομεν.
351 343 623 397 Thucydides
642 344 717 385 lib.
740 343 806 384 iii.
825 356 861 384 e.
882 342 926 384 3.
989 339 1075 383 Καὶ
1093 341 1138 387 ἢν
1156 342 1226 388 μὲν
1257 339 1392 396 ξυμβῇ
1411 341 1436 384 ἦ
1456 343 1581 396 πεῖρα·
1602 342 1634 380 εἶ

122 400 161 443 δὲ
180 402 258 450 μῆ,
288 400 708 456 Μιτυληναίοις-,εἰπεῖν
726 406 812 442 cet.
848 400 1169 454 Aristophanes
1203 397 1382 452 Θεσμοφ.
1403 411 1506 439 ·ver.
1529 396 1632 439 543.

124 456 175 500 Εἰ
189 460 261 507 μὲν
279 457 339 501 οὖν
359 460 420 500 τίς
439 461 550 501 ἐστιν·
586 461 616 500 εἶ
649 458 689 501 δὲ
721 458 801 507 μὴ,
831 459 944 506 ’ἡμεῖς
974 461 1058 499 cet.
1118 455 1221 498 Vid.
1253 454 1399 498 Vossii
1429 454 1630 497 Institut.

121 513 245 569 Orat.
278 517 354 558 lib.
375 517 449 571 ²iv.
479 530 518 558 c.
556 515 622 558 12.
695 514 748 557 In
781 515 996 569 ejusmodi
1026 518 1174 562 autem
1206 514 1519 560 locutionibus,
1549 525 1634 567 pro

118 578 352 618 contextus
371 574 559 625 ratione,
579 574 711 616 modo
739 577 870 614 καλῶς
888 574 993 627 ἔχει,
1011 573 1141 614 modo
1159 575 1287 613 κακῶς
1304 572 1389 625 ’ἔχει
1409 569 1636 613 subaudiri

120 631 251 674 solet.
281 630 542 674 Posterioris
560 634 717 674 saltem
735 631 909 685 generis
928 631 1182 686 exemplum
1199 629 1360 672 addam
1380 642 1435 672 ex
1455 627 1640 672 Homer.

121 687 246 732 Iliad.
264 687 324 739 Θ.
344 702 435 732 ver.
453 687 554 731 423.

291 745 431 788 Ἀλλὰ
450 748 552 796 σύγ’,
573 747 773 795 αἰνοτάτη,
795 747 880 789 κύον
901 747 1045 796 ἆδδεὲς,
1069 748 1098 789 εἲ
1119 747 1219 789 ἐτεόν
1236 763 1282 796 ’γε

138 844 140 846 .
292 801 514 854 Τολμῆσεις
533 803 633 846 Διὸς
652 803 750 847 ἄντα
769 807 948 862 πελώριον
967 806 1090 859 ἐ’γχος
1108 807 1242 861 ἀεῖραι.

121 860 221 903 sub.
239 865 431 903 κακῶςσοι
450 862 590 903 ’έσταιε
620 865 672 904 ut
701 863 811 904 dicit
830 864 927 917 ipse
956 861 1177 904 Homerus
1207 860 1336 902 Iliad.
1354 857 1393 902 I.
1421 872 1513 902 ver.
1543 858 1644 902 547.

124 916 365 974 Κουρήτεσσι
382 923 509 960 κακῶς
527 918 588 963 ἦν.
649 919 791 961 Sicuti
810 920 1127 968 ἅνανταπόδοτον,
1149 920 1215 961 ita
1232 932 1335 961 vero
1355 918 1492 960 etiam
1514 916 1647 959 Sche-

124 984 202 1017 ma
219 976 345 1024 illud,
380 978 450 1018 cui
480 978 767 1030 peculiariter
798 989 958 1019 nomen
988 977 1284 1020 ἀποσιωπήσεως
1317 989 1345 1017 a
1374 973 1647 1017 Rhetoribus

125 1033 355 1082 tribuitur,
376 1035 434 1075 ad
451 1033 632 1090 Ellipsis
659 1034 815 1076 referri
849 1035 974 1076 solet.
1033 1034 1107 1077 Sic
1141 1033 1460 1076 Demosthenes
1479 1033 1534 1074 de
1564 1031 1650 1074 Go-

128 1087 224 1132 ron]
247 1094 287 1132 t..
304 1092 335 1132 i.
356 1105 402 1146 p.
422 1091 524 1134 313.
550 1091 601 1133 B.
627 1091 749 1132 Ἀλλ’
787 1090 870 1138 ἐμοῖ
898 1093 984 1140 με’ν.
1020 1095 1064 1133 οὗ
1092 1094 1283 1140 βούλομαι
1316 1090 1355 1132 δὲ
1383 1090 1567 1146 δυσχερὲς
1595 1091 1648 1131 εἶ-

129 1151 225 1190 πεῖν.
258 1148 316 1190 ad
347 1161 442 1202 quae
478 1150 613 1190 verba
646 1147 869 1204 Ulpianus
897 1163 942 1204 p.
980 1148 1047 1190 66.
1105 1147 1166 1189 Τὸ
1201 1150 1347 1202 σχῆμα
1382 1149 1654 1190 ἀποσιώπησις.

130 1202 235 1247 Vid.
255 1204 462 1248 Tiberius
482 1206 537 1248 de
571 1206 792 1248 Schemat.
827 1207 945 1261 apud
977 1205 1264 1250 Demosthen.
1298 1219 1344 1261 p.
1381 1204 1477 1247 185.
1538 1203 1653 1248 Her-

132 1274 341 1364 mogetgsss
359 1264 420 1306 de
442 1262 588 1306 Form.
620 1262 744 1307 Orat.
775 1278 822 1320 p.
857 1263 958 1307 288.
1019 1264 1094 1306 Sic
1118 1262 1338 1318 Virgilius
1372 1261 1470 1305 AEn.
1507 1263 1586 1306 lib.
1618 1264 1652 1308 i.

132 1331 224 1362 ver.
333 1352 344 1362 .

306 1375 424 1426 Quos
441 1392 536 1434 ego.
594 1377 681 1420 Sed
689 1386 824 1422 motos
833 1384 1011 1436 praestat
1024 1392 1271 1436 componere
1277 1376 1452 1433 fluctus,

132 1434 224 1486 vid.
245 1435 303 1477 ad
323 1436 368 1477 h.
389 1437 420 1478 Ι.
454 1436 631 1479 Servius
652 1441 698 1479 et
717 1435 902 1481 Vossius
931 1435 1131 1480 Institut.
1157 1435 1284 1478 Orat.
1315 1436 1390 1477 lib.
1422 1449 1466 1478 v.
1490 1448 1589 1490 cap.
1609 1435 1655 1477 5.

134 1489 275 1536 Henr.
313 1493 568 1549 Stephanus
597 1495 650 1536 de
679 1494 800 1537 Dial.
839 1509 885 1550 p.
908 1493 981 1537 24.
1042 1494 1094 1537 In
1127 1495 1299 1548 legibus
1334 1494 1660 1536 constituendis

134 1551 410 1605 legislatores
436 1553 695 1609 plerumque
727 1550 914 1595 utuntur
943 1551 1195 1604 Infinitivis‚
1217 1565 1256 1594 e.
1278 1564 1321 1604 g.
1356 1549 1483 1593 Θεοὺς
1501 1555 1663 1607 καρποῖς

136 1609 337 1657 derium.
399 1608 525 1651 Θεοὺς
544 1618 677 1664 τιμᾷν.
735 1609 838 1652 Τοὺς
866 1613 994 1652 ἱκέτας
1015 1609 1104 1652 εἶναι
1139 1611 1338 1663 ἀσφαλεῖς.
1368 1612 1454 1651 eet.
1486 1610 1534 1650 in
1563 1609 1661 1662 qui-

135 1665 219 1707 bus
236 1668 306 1708 vel
324 1666 586 1708 subauditur
605 1666 749 1716 θεσμὸς
766 1670 834 1710 vel
869 1669 980 1716 νόμος
997 1669 1115 1720 ἔστω,
1142 1668 1210 1709 vel
1244 1666 1320 1714 ἐγὼ
1350 1668 1454 1716 λέγω
1484 1667 1515 1707 l.
1547 1682 1664 1722 προσ-

138 1723 269 1775 τάσσω
290 1725 394 1771 ὑμῖν.
453 1723 621 1777 Prioris
640 1726 814 1778 generis
843 1725 1203 1780 supplementum
1234 1724 1370 1765 estin
1405 1725 1665 1777 antiquissi-

141 1792 217 1822 ma
255 1781 332 1823 illa
362 1780 624 1836 Triptolemi
650 1783 763 1835 lege,
803 1795 938 1835 quam
971 1783 1186 1837 temporis
1218 1782 1385 1833 injuria
1417 1781 1466 1822 in
1496 1781 1666 1836 templo

139 1835 311 1880 Cereris
348 1837 557 1880 Eleusine
595 1840 835 1894 collapsam
863 1840 1012 1881 Draco
1040 1839 1272 1882 restituit:
1321 1836 1483 1887 Θεσμὸς
1521 1840 1665 1882 αἰώνιος

141 1898 221 1936 τοῖς
234 1894 411 1937 Ἀτθίδα
429 1899 640 1945 νεμομένοις
668 1899 790 1952 κύριος
819 1896 882 1938 τὸν
917 1897 1074 1939 ἅπαντα
1106 1897 1255 1951 χρόνον,
1290 1892 1417 1936 Θεοὺς
1449 1904 1566 1950 τιμᾷν
1600 1895 1668 1936 καὶ

141 1952 268 2008 ἥρωας
302 1954 513 2009 ἐγχωρίους
543 1956 579 1995 ἐν
610 1959 731 2010 κοινῷ,
765 1958 848 1996 cet.
896 1956 1021 2008 cujus
1055 1954 1258 1995 meminit
1298 1950 1567 2008 Porphyrius
1609 1953 1668 1995 de

143 2007 397 2052 Abstinent.
434 2011 513 2052 lib.
536 2012 591 2052 iv.
628 2010 666 2066 ξ.
701 2009 774 2052 22.
834 2010 1096 2054 Posterioris
1127 2015 1278 2052 autem
1311 2012 1485 2062 generis
1516 2024 1666 2053 exem-

143 2067 269 2121 plum
284 2068 448 2121 praebet
466 2069 562 2123 ipsa
594 2068 822 2123 Scriptura
842 2069 888 2110 S.
912 2069 1061 2112 Actor.
1081 2082 1124 2111 x.
1151 2067 1224 2109 48.
1284 2066 1512 2122 Προσέταξέ
1532 2086 1575 2109 τε
1597 2072 1669 2110 αὗ-

145 2122 233 2166 τοὺς
249 2123 513 2171 βαπτισθῆναι
533 2127 568 2167 ἐν
589 2132 644 2182 τῷ
664 2127 820 2175 ὀνόματι
839 2130 908 2168 τοῦ
926 2125 1083 2182 Κυρίου.
1105 2131 1150 2168 et
1165 2127 1261 2180 ipse
1271 2125 1552 2168 dulcissimus
1567 2139 1669 2169 nos-

146 2184 216 2223 ter
236 2180 445 2224 servator
466 2183 576 2224 dicit
591 2181 756 2225 Matth.
779 2198 820 2226 v.
842 2183 916 2226 34.
974 2183 1085 2234 Ἐγὼ
1115 2184 1154 2225 δὲ
1173 2185 1278 2232 λέγω
1300 2185 1403 2231 ὑμῖν·
1427 2183 1509 2227 Μῆ
1531 2185 1671 2233 ὀμόσαι

143 2238 255 2280 ὅλως.
314 2238 429 2282 Sunt
448 2242 582 2282 etiam
603 2242 743 2284 multa
763 2246 961 2284 veterum
982 2243 1242 2296 scriptorum
1278 2241 1392 2289 loca,
1426 2242 1471 2282 in
1507 2242 1669 2293 quibus

144 2297 295 2350 plures
314 2310 458 2347 voces,
479 2300 615 2341 immo
648 2301 827 2353 integrae
858 2300 1079 2341 interdum
1110 2298 1286 2340 Periodi
1324 2311 1380 2340 ex
1409 2299 1668 2340 anteceden-

142 2353 264 2395 tibus
294 2355 340 2397 in
368 2354 581 2411 Ellipseos
612 2358 964 2412 supplementum
1003 2360 1108 2398 sunt
1140 2356 1402 2411 repetendae.
1461 2355 1537 2398 Sic
1568 2360 1666 2398 tota

147 2410 323 2453 ἀπόδοσις
340 2426 395 2454 ex
413 2415 770 2458 antecedentibus
790 2418 856 2457 est
874 2415 1145 2467 adsumenda
1163 2414 1212 2455 in
1246 2414 1334 2455 illis
1365 2412 1590 2455 Plutarchi
1612 2414 1667 2456 de

147 2480 321 2522 pueror.
341 2471 511 2513 educat.
535 2486 574 2514 c.
595 2473 690 2514 viii.
743 2473 902 2528 ’Ὠσπερ
923 2473 997 2528 (γάρ
1030 2475 1282 2528 περιπλεῦσαι
1300 2472 1372 2520 μὲν
1406 2471 1561 2513 πολλάς
1592 2473 1668 2512 τισό-

149 2533 228 2567 λεις
245 2525 379 2575 καλὸν,
411 2529 592 2584 ἐνοικῆσαι
626 2529 664 2571 δὲ
685 2534 738 2586 τῇ
766 2532 956 2586 κρατίστῇ
985 2530 1191 2584 χρήσιμον.
1253 2527 1414 2583 [Locus
1434 2533 1666 2583 corruptus

152 2586 234 2624 est.
295 2582 561 2628 Schneidero
590 2586 764 2640 videtur
787 2588 960 2629 ἀπόδοσις
980 2587 1205 2629 excidisse.
1264 2585 1632 2643 wyttenbachius
1653 2600 1667 2628 z

152 2643 187 2665 ‘⁶
217 2639 377 2683 Malim
395 2648 646 2700 περιπλεῦσαι
665 2646 735 2693 μὲν
755 2646 852 2700 wip:
886 2646 952 2686 ita
972 2646 1035 2687 nil
1056 2644 1380 2686 desiberabitur
1416 2644 1473 2685 ad
1493 2648 1670 2686 senten-

150 2696 228 2744 tiae
245 2699 608 2742 absolutionem.”
667 2701 911 2744 Lenissime
941 2703 1135 2756 corrigas
1169 2702 1292 2756 ὥσπερ
1310 2718 1355 2750 «γε
1389 2710 1554 2756 περιπλ.
1615 2700 1667 2742 111

150 2753 333 2810 Dionys.
366 2755 467 2799 Hal.
502 2758 684 2812 Antiqu.
723 2758 851 2801 Rom.
881 2763 911 2800 t.
948 2760 994 2800 ii.
1028 2773 1074 2814 p.
1115 2758 1214 2800 699.
1247 2760 1357 2800 bene
1391 2760 1526 2800 habet
1555 2758 1665 2800 Cod.

152 2811 254 2855 Vat.
277 2814 399 2872 ὥσπερ
418 2833 463 2864 ’γε
484 2819 586 2858 τούς.
645 2817 963 2872 Aristophanes
994 2817 1113 2858 Nub.
1135 2830 1224 2859 ver.
1261 2815 1360 2857 673.
1394 2816 1517 2870 ὥσπερ
1538 2835 1582 2865 γε
1603 2815 1668 2867 κριὲ

156 2866 403 2921 Κλεώνυμον.
434 2872 658 2929 Semnum]
716 2873 877 2917 AElian.
898 2873 953 2915 V.
976 2873 1035 2916 H.
1066 2876 1144 2915 lib.
1165 2875 1230 2915 iii.
1259 2888 1298 2915 c.
1319 2872 1392 2915 323.
1448 2871 1509 2914 ‘O
1543 2873 1581 2914 δὲ
1602 2877 1664 2914 οὒ-

159 2925 216 2968 3ὲν
235 2927 308 2982 ’ἐφ-η
328 2929 503 2986 διαφέρειν
523 2938 578 2988 τῷ
594 2935 777 2981 μέλλοντι
805 2934 1030 2982 βασιλεύειν,
1059 2935 1149 2972 ἀλλ’
1184 2935 1251 2972 οὐκ
1273 2930 1334 2971 ἐπὶ
1371 2932 1496 2984 τέχνῃ
1518 2929 1612 2971 κιὸα
1637 2933 1670 2971 ι’·

159 2985 232 3042 ζειν
254 2988 451 3046 μέλλοντι.
481 2990 581 3034 sub.
613 2990 771 3047 διαφέρει
790 2990 915 3045 οὐδέν.
972 2988 1139 3039 Ibidem
1159 2990 1237 3032 lib.
1261 2990 1349 3031 xiv.
1364 3003 1413 3086 Ξ.
1448 2987 1520 3029 36.
1585 2949 1633 3029 Ιξ

1363 3052 1372 3063 “
1422 3057 1451 3085 K

1631 2988 1673 3030 αὶ
