1838 3164
210 128 227 172 l
240 129 291 173 14
538 133 857 175 PLEONASMI
885 133 1377 177 CONJUNCTIONUM.

207 245 281 299 (ex
298 263 343 296 ‘ys
365 245 459 303 ἄρα)
481 253 655 306 propter
674 261 844 293 causam
864 248 1086 306 quidemi.
1111 262 1149 291 e.
1180 248 1289 290 hano
1321 247 1473 291 saltem
1503 246 1554 289 ob
1586 245 1721 290 ratio-

205 316 317 352 nem,
348 317 446 358 quae
466 308 681 360 sequitur,
713 307 788 357 εἶ”γε
815 308 989 362 ἀπείρους
1020 308 1160 348 ἁκούων
1192 304 1284 348 εἶναι’
1314 324 1416 348 τινας
1444 306 1608 355 κόσμους
1638 336 1650 349 .
1673 336 1684 347 .
1708 337 1721 348 .

207 361 265 402 ὅδε
299 363 443 413 ''uvaia-o,
473 364 574 414 μηδὲ
604 382 671 407 του
700 365 775 407 ἑνὸς
803 365 867 406 καὶ
897 369 1012 407 κοινοῦ
1041 382 1200 420 κρατων.
1262 363 1435 420 Saepius
1454 366 1602 406 autem
1620 366 1723 418 post

206 420 449 474 particulas
469 423 647 466 demum
666 424 939 465 conclusivas
958 423 1154 490 sequitur
1172 423 1302 472 ratio,
1336 436 1434 477 quae
1465 421 1723 465 antecedere

206 477 412 522 debebat.
473 479 615 523 Docet
635 482 715 523 hoc
737 479 1000 534 Hoogeveen
1035 482 1081 522 in
1110 479 1262 522 Doctr.
1299 482 1613 536 particularum
1643 479 1725 521 sub

207 537 251 576 οὐ
269 536 324 585 ’γά
364 541 409 578 et
428 538 550 581 alibi.
607 537 772 580 Eadem
792 539 846 579 de
866 551 912 579 re
931 538 1059 580 dixi
1047 551 1092 579 m
1113 540 1431 580 commentario
1461 538 1510 580 in
1538 550 1603 580 or.
1627 534 1723 580 oio.

207 605 290 647 pro
363 597 525 638 arcello
557 597 595 652 ᾖ.
622 596 684 638 15
718 610 762 651 p.
791 594 887 637 149.
947 595 1181 637 Ceterum*
1170 609 1215 638 in
1235 595 1402 639 AEliani
1432 597 1538 638 loco
1546 595 1727 649 negatio

206 650 257 691 fit
278 665 330 693 eo
350 655 543 706 gravior,
580 654 696 707 quod
717 654 830 693 ratio
851 657 1085 705 suppetere
1106 654 1396 704 significatur,
1427 667 1516 696 non
1536 653 1727 717 simplex

206 712 410 763 negantis
428 713 687 785 auctoritas,
718 709 912 761 adeoque
932 712 1049 750 recte
1068 711 1255 753 vertitur
1272 725 1556 770 nequaquam,
1588 707 1727 753 nenti

205 779 335 823 quam
354 781 466 809 vero.

263 824 308 866 2.
340 823 391 865 In
425 823 655 880 principiis
685 821 953 864 narrationis
988 823 1202 876 longioris
1231 825 1399 879 passim
1426 826 1593 879 aliquid
1611 837 1728 867 com-

206 882 490 930 inemoratur,
520 880 637 948 quod
670 880 876 934 inprimis
900 883 1114 923 memoria
1145 882 1204 923 sit
1235 883 1489 932 tenendum,
1519 895 1607 936 quo
1625 895 1727 938 pro-

206 940 299 980 lato
329 941 424 993 jam
464 938 591 993 quasi
625 938 796 992 aliquid
823 938 1072 981 confectum
1097 940 1286 990 videtur,
1318 941 1382 982 ita
1415 945 1466 982 ut
1497 941 1727 996 particulae

204 997 466 1038 conclusivae
497 995 571 1052 ἄρα
608 997 668 1037 sit
698 997 848 1043 locus;
895 997 948 1038 de
977 1011 1066 1052 quo
1096 1012 1175 1039 usu
1207 1011 1251 1040 v.
1283 997 1550 1080 Hoogev3v
1554 999 1650 1046 .‚4
1682 996 1724 1039 6.

206 1053 465 1109 Exemplum
485 1053 621 1096 habes
644 1051 858 1095 Herodot.
887 1055 983 1095 viii.
1022 1055 1115 1097 135
1146 1053 1244 1096 Τόδε
1277 1055 1373 1097 δὲ“
1345 1057 1488 1105 ..ώῡμαί
1513 1073 1577 1104 μοι
1594 1058 1728 1104 μεἰγισ-

207 1129 270 1154 τον
299 1111 473 1162 ’γενέσθαι
503 1114 660 1161 λέγεται
695 1111 768 1153 ὑπο
799 1111 1004 1159 Θηβαίων·
1051 1112 1177 1155 ἐλθειν
1216 1113 1288 1170 ἄρα
1319 1114 1383 1156 τὸν
1412 1112 1602 1169 Εὐρωπέα
1631 1111 1728 1155 Μ’ΰν

206 1174 290 1212 etc.
350 1169 438 1211 Sed
459 1171 595 1211 etiam
615 1170 689 1225 ιγιὶρ
711 1170 828 1211 illius
858 1171 953 1212 loco
971 1172 1168 1225 ponitur,
1197 1176 1351 1227 utpote
1370 1185 1425 1213 ex
1455 1172 1534 1213 illo
1562 1174 1728 1219 ortum,

206 1229 326 1269 velut
341 1229 435 1269 viii.
454 1227 497 1269 8.
521 1227 589 1269 Ἐν
606 1227 644 1269 δὲ
660 1230 784 1284 τούτῳ
804 1233 858 1284 τῷ
879 1228 1021 1285 χρόνῳ,
1044 1231 1078 1270 ἐν
1101 1236 1129 1286 ᾠ
1147 1229 1248 1270 οὗτοι
1267 1229 1463 1285 ἄριῦμὸν’
1449 1233 1635 1271 morawa-o
1654 1231 1730 1269 τῶν

206 1290 309 1335 νεῶν,
332 1304 375 1329 ην
395 1304 470 1341 *γαρ
491 1287 526 1327 ἐν
548 1291 602 1342 τῷ
624 1269 870 1341 στρατόπέδῳ
892 1289 1015 1343 τούτῳ
1037 1273 1236 1330 Σκυλλίης
1252 1287 1468 1329 Σκιωναῖος.
1501 1286 1575 1328 Sic
1593 1286 1729 1328 etiam

206 1343 326 1399 apud
357 1357 437 1385 nos
467 1330 668 1384 homines
703 1356 791 1384 non
828 1344 987 1398 inepti,
1017 1358 1117 1386 cum
1147 1348 1369 1388 narraturi
1404 1349 1506 1387 sunt
1539 1343 1726 1397 aliquid,

207 1402 320 1443 nihil
344 1402 536 1456 praefati,
558 1401 644 1442 nisi
666 1413 714 1441 se
734 1402 912 1449 habere,
933 1403 1052 1456 quod
1073 1403 1319 1456 proferant,
1341 1415 1433 1444 rem
1458 1403 1598 1456 ipsam
1620 1401 1729 1443 inci-

206 1460 338 1514 piunt
356 1460 414 1500 ab
435 1457 537 1501 Also
557 1462 635 1500 aut
657 1456 873 1500 Niimlz‘clz.

265 1516 308 1559 3.
339 1514 477 1558 Extra
507 1517 806 1558 narrationem
837 1515 1075 1559 adhibetur
1107 1517 1216 1558 item
1248 1530 1329 1571 pro
1359 1517 1621 1567 conclusiva,
1649 1516 1729 1558 ubi

209 1575 391 1616 affertur
423 1575 657 1622 sententia,
688 1587 786 1627 quae
817 1574 926 1615 remi
960 1574 1196 1627 insigniter
1224 1579 1268 1616 et
1288 1576 1509 1629 praecipue
1538 1575 1732 1615 illustrat

209 1637 289 1674 aut
319 1632 492 1686 probat,
522 1635 574 1673 ut
607 1632 654 1672 in
691 1644 744 1671 ea
778 1632 906 1683 quasi
937 1633 1210 1698 acquiescere
1243 1633 1402 1686 possis.
1461 1630 1585 1674 Talis
1613 1632 1732 1673 locus

207 1693 275 1731 est
309 1688 513 1744 Xenoph.
554 1688 632 1730 Hi.
654 1689 710 1730 vi.
739 1688 803 1729 15.
863 1687 930 1729 Ibi
967 1690 1012 1730 in
1044 1690 1159 1730 notis
1188 1689 1360 1731 reddidi
1387 1690 1520 1731 verbo
1551 1687 1729 1732 scilicet.

209 1747 295 1790 Pro
316 1750 439 1803 ὥσπερ
469 1746 544 1803 «γάρ
576 1747 614 1788 si
645 1758 785 1800 ponas
817 1747 1074 1789 usitatiores
1105 1748 1345 1801 particulas
1380 1750 1581 1804 ὡσπερουν,
1613 1747 1731 1802 pleo-

206 1818 386 1847 nasmus
416 1805 563 1846 nullus
595 1805 736 1846 inesse
766 1804 1000 1847 videbitur.
1063 1803 1227 1847 Zosim.
1247 1807 1294 1847 ii.
1327 1805 1398 1847 32.
1430 1804 1520 1846 Δύο
1550 1821 1626 1860 «γαρ
1656 1804 1731 1847 τῆς

209 1867 334 1908 αὐλῆς
372 1862 485 1904 ’όντων
526 1864 713 1918 ὑπάρχων
753 1861 817 1904 καὶ
857 1881 928 1905 την
966 1862 1095 1918 ἀρχὴν
1129 1868 1231 1919 κοινῇ
1262 1864 1650 1919 μεταχειριζομένων,
1690 1867 1731 1902 οὒ

210 1924 320 1971 μόνον
357 1921 410 1961 τοὶ
443 1937 532 1976 περι
569 1920 640 1963 την
675 1920 798 1963 αυλην
834 1923 1028 1969 τάγματα
1064 1925 1116 1977 τῇ
1149 1924 1292 1962 τούτων
1326 1923 1547 1968 &novumn-o
1567 1919 1731 1975 φροντίδι

210 1997 275 2020 και
299 1977 464 2031 ἐξουσίᾳ,
500 1977 608 2019 ἀλλὰ
633 1995 708 2032 γαρ
729 1977 792 2018 καὶ
814 1978 866 2019 τοὶ
886 1981 1197 2034 ἐπιτετραμμένα
1226 1979 1296 2021 τὴν
1327 1982 1397 2023 τῆς
1425 1979 1577 2019 πόλεως
1605 1985 1732 2031 φυλα-

211 2055 298 2086 um,
331 2040 412 2078 etc.
447 2037 524 2077 ubi
554 2036 782 2090 particulae
816 2037 924 2076 α’λλοὶ
956 2037 1031 2091 «γὰρ
1065 2036 1127 2077 καὶ
1157 2038 1220 2078 sic
1253 2037 1472 2101 explices:
1505 2035 1580 2077 sed
1597 2033 1730 2077 etiam

212 2096 287 2149 (eoe
308 2107 390 2151 quo
408 2093 475 2135 vel
492 2106 678 2135 mamma
697 2091 934 2149 intellzgas,
968 2093 1067 2136 allos
1099 2107 1262 2136 omnem
1287 2093 1461 2151 zmperz‘z
1478 2107 1622 2135 curam
1638 2107 1730 2150 ges-

207 2152 311 2195 sisse
317 2153 348 2206 .)
407 2150 600 2193 Verbis
589 2164 635 2192 1n
654 2152 910 2206 parenthesi
941 2153 1100 2206 positis
1127 2154 1215 2194 vim
1250 2153 1478 2206 particulae
1496 2170 1572 2207 «γαρ
1591 2152 1729 2204 signi-

208 2212 348 2253 ficavi.
409 2209 512 2251 Alia
531 2210 769 2264 exempla
758 2222 803 2250 m
838 2212 928 2250 not.
962 2211 1018 2251 ad
1039 2209 1313 2252 Herodotum
1342 2209 1600 2266 suppeditat
1628 2207 1725 2251 Jac.

204 2269 397 2311 Gronov.
417 2282 463 2323 p.
492 2267 583 2309 133.

911 2358 1010 2403 ΔΕ.

267 2454 520 2509 Saepissime
553 2452 591 2494 δὲ
625 2453 837 2503 abundat,
869 2467 970 2495 cum
998 2455 1231 2510 repetitum
1259 2455 1443 2510 ponitur
1477 2456 1523 2498 in
1552 2455 1722 2511 periodi

210 2513 433 2555 sententia
461 2512 674 2567 primaria
704 2514 805 2567 post
833 2513 1094 2568 interposita
1124 2514 1348 2561 nonnulla,
1392 2514 1553 2568 quibus
1590 2514 1727 2556 lector

209 2582 447 2625 suspensus
484 2572 671 2610 tenetur.
732 2568 833 2610 Duo
869 2570 965 2612 loca
1001 2570 1205 2625 deinceps
1237 2573 1511 2613 occurrentia
1540 2574 1643 2613 sunt
1679 2571 1726 2612 in

209 2628 323 2671 Plat.
346 2626 489 2668 Phaed.
512 2628 596 2668 vol.
620 2627 650 2667 i.
679 2639 724 2682 p.
746 2627 846 2669 257.
877 2626 939 2668 Οἳ
963 2627 995 2667 δ’
1019 2626 1061 2668 ἂν
1081 2627 1230 2679 δόξωσιν
1249 2631 1408 2671 ἀνιάτως
1436 2631 1552 2684 ἔχειν,
1581 2627 1642 2670 3ιᾶ
1671 2627 1725 2668 τοὶ

207 2684 361 2735 μεγέθη
381 2689 456 2725 τῶν
477 2686 790 2739 ἁμαρτημάτων,
822 2685 847 2730 ἢ
879 2687 1084 2741 ἱεροσυλίας
1116 2718 1125 2727 .
1161 2719 1170 2727 .
1205 2718 1214 2728 .
1246 2690 1402 2728 τούτους
1434 2685 1726 2741 ΔΕῆω-ροσῆ·

207 2761 325 2785 κουσα
344 2760 459 2797 μοιρα
489 2744 613 2797 ῥίπτει
635 2745 685 2783 εἷς
705 2758 768 2784 τον
787 2741 987 2798 Τάρταρον
1012 2748 1094 2785 etc.
1155 2743 1327 2785 Deinde
1347 2743 1410 2786 Οἳ
1436 2744 1470 2784 δ’
1500 2742 1560 2792 αν,
1588 2745 1725 2790 ἰάσιμα

207 2802 295 2851 μὲν,
327 2801 487 2850 μεγάλα
520 2799 557 2840 δὲ
593 2799 742 2850 δόξωσιν
768 2801 1030 2857 ἧμαρτηκέναι
1049 2802 1341 2858 ἁμαρτήματα,
1372 2801 1475 2844 οῖον.
1501 2804 1726 2843 ..τούτους

210 2857 294 2900 ΔΕ
326 2859 499 2906 ἐμπεσειν
528 2857 597 2903 μὲν
629 2859 679 2898 εἷς
710 2875 772 2898 τον
801 2856 1001 2914 Τάρταρον
1032 2860 1179 2907 ἀνάγκη
1218 2862 1298 2902 etc.
1358 2859 1432 2902 Sic
1464 2864 1508 2900 et
1537 2862 1640 2900 ante
1677 2868 1722 2913 p·

211 2915 306 2958 183.
326 2922 372 2958 et
393 2914 516 2956 alibi.
578 2913 701 2955 Adde
723 2912 936 2957 Herodot.
967 2917 1022 2958 vi.
1059 2915 1126 2958 58.
1160 2923 1274 2960 extr.
1295 2916 1395 2960 Vid.
1427 2917 1485 2959 ad
1518 2914 1721 2972 Xenoph

207 2972 449 3029 CyriDisc
474 2973 505 3017 i.
529 2970 572 3022 6,
592 2971 664 3015 43.
685 2976 730 3014 et
749 2970 868 3017 Hist.
896 2973 975 3016 Gr.
997 2975 1045 3016 ii.
1062 2973 1107 3023 4,
1135 2974 1200 3017 13.
