1838 3164
1532 44 1580 90 3²

229 165 288 211 82
633 171 952 218 PLEONASMI
979 170 1456 216 PRAEPOSITIONUM.

393 477 863 537 PLEONASMI
902 477 1580 540 PRAEPOSITIONUM.

805 816 1076 861 PRAEMON
1079 816 1192 861 ITA.

235 953 269 998 1.
295 948 404 1014 DE
422 959 816 1014 praepositionibus,
845 974 945 1015 quae
970 961 1017 1003 in
1045 960 1191 1002 verbis
1219 959 1473 1013 compositis
1505 970 1685 1013 prorsus
1700 960 1748 1000 et

230 1014 396 1068 ubique
429 1017 581 1059 otiosae
613 1018 836 1068 dicuntur,
875 1033 954 1060 cur
993 1019 1120 1060 nobis
1157 1030 1246 1060 non
1292 1017 1511 1070 agendum
1531 1019 1748 1071 putemus,

231 1071 423 1114 diximus
443 1073 488 1116 in
520 1072 719 1130 Isagoge,
752 1076 787 1131 ξ.
809 1074 851 1117 9.
912 1074 1205 1118 Veruntamen
1240 1076 1393 1130 paucis
1426 1075 1615 1117 monitos
1649 1072 1750 1116 volo

231 1131 453 1173 studiosos
508 1132 674 1185 linguae
710 1131 893 1182 Graecae,
937 1148 991 1176 ne
1027 1135 1200 1175 illorum
1234 1132 1572 1174 auctoritatibus
1605 1143 1749 1174 exem-

227 1187 532 1242 plisque'male
550 1191 804 1243 abutantur,
822 1193 900 1245 qui
920 1192 1051 1234 nullis
1067 1191 1337 1245 argumentis
1355 1191 1423 1232 usi
1445 1190 1636 1232 breviter
1649 1201 1746 1243 pro·-

230 1247 451 1295 nuntiant,
472 1248 551 1288 hoc
564 1254 610 1290 et
630 1249 736 1290 illud
758 1251 1052 1305 compositum
1073 1250 1255 1291 verbum
1274 1261 1361 1291 non
1374 1249 1474 1302 plus
1486 1246 1750 1301 significare,

230 1315 364 1356 quam
384 1306 586 1360 simplex.
647 1305 764 1349 Nam
788 1306 828 1357 ἐξ
847 1311 893 1349 et
925 1307 987 1349 ἐπὶ
1006 1321 1048 1349 v.
1068 1322 1107 1350 c.
1144 1309 1189 1349 in
1211 1307 1302 1348 illis
1333 1303 1652 1362 confidentiam,
1684 1306 1750 1346 vel

227 1358 381 1413 minas,
402 1363 469 1404 vel
499 1362 703 1419 impetum
735 1365 1011 1418 significant;
1041 1365 1118 1420 πρὸ
1153 1361 1428 1420 diligentiam
1461 1367 1507 1404 et
1540 1360 1750 1410 studium,

228 1423 325 1467 aut,
347 1433 428 1474 pro
447 1433 510 1468 re,
535 1420 700 1476 copiam
720 1421 942 1471 orationis,
962 1426 1013 1463 ut
1025 1423 1072 1463 in
1094 1421 1290 1463 Platonis
1310 1421 1481 1473 Gorgia
1497 1433 1542 1475 p.
1560 1418 1632 1462 93.
1654 1435 1749 1475 ωρο-

231 1474 410 1519 διδαίσκειν
425 1478 485 1519 sil:
505 1478 670 1534 copiose
688 1485 729 1521 et
733 1478 863 1535 plane
879 1479 1039 1528 docere,
1057 1492 1142 1521 non
1161 1479 1291 1520 modo
1307 1477 1451 1520 docere
1467 1476 1725 1533 simpliciter
1739 1490 1751 1526 ;

232 1536 276 1576 et
294 1533 573 1590 προμανθάνειν
595 1537 720 1585 alibi,
737 1536 931 1580 studiose
950 1543 990 1579 et
1006 1536 1182 1594 penitus
1203 1535 1458 1592 perdiscere,
1478 1548 1566 1577 non
1593 1532 1753 1576 discere

228 1596 451 1646 utcunque
471 1597 548 1636 aut
569 1595 841 1648 simpliciter.
902 1595 990 1636 Sed
1008 1609 1086 1637 nos
1099 1608 1178 1650 pro
1199 1596 1401 1636 instit-uto
1421 1593 1751 1648 praepositiones

228 1654 353 1692 extra
369 1651 736 1705 compositionem
755 1654 1069 1707 persequimur.

286 1706 330 1749 2.
362 1707 603 1750 Abundant
637 1722 744 1762 ergo
771 1710 874 1758 illae,
909 1724 1008 1764 quae
1039 1709 1097 1752 ad
1131 1711 1265 1753 verba
1295 1722 1349 1752 ex
1380 1707 1489 1764 ipsis
1506 1708 1752 1762 composita

230 1767 468 1819 separatim
501 1765 738 1815 adduntur,
775 1771 826 1808 ut
860 1770 1046 1822 προσιέναι
1082 1769 1179 1824 πρὸς
1212 1785 1311 1819 τινα,
1347 1763 1576 1822 ἐξέρχεσθαι
1601 1767 1645 1806 ἐκ
1679 1768 1751 1810 τῆς

230 1826 398 1864 πόλεως.
459 1821 528 1864 De
550 1824 619 1864 his
636 1825 729 1877 Jam
750 1825 918 1878 aliquid
938 1826 1031 1866 dixi
1058 1824 1175 1879 Isag.
1216 1828 1249 1879 §.
1271 1824 1312 1866 5.
1336 1837 1376 1865 a.
1436 1821 1570 1864 Recte
1598 1827 1749 1865 autem

227 1882 398 1934 judicat
414 1879 672 1922 Perizonius
691 1882 747 1923 ad
764 1881 993 1924 Sanctium
1006 1884 1063 1925 iv.
1081 1883 1123 1924 6.
1141 1897 1186 1938 p.
1203 1882 1302 1924 777.
1320 1894 1390 1923 eas
1400 1878 1604 1931 inservire
1617 1878 1753 1922 neoeui

229 1952 370 1980 rerum
386 1937 599 1997 faciendo
617 1951 711 1980 cum
725 1938 877 1982 verbis.
909 1941 1028 1982 Nam
1047 1954 1175 1983 casus
1190 1940 1491 1996 praepositioni
1509 1938 1632 1980 verbi
1652 1950 1753 1980 con-

229 1998 409 2038 veniens
436 2000 481 2038 et
501 2000 679 2051 propter
700 1998 823 2038 illam
843 2000 1014 2052 positus
1034 2012 1148 2054 saepe
1167 2001 1316 2054 posset
1334 1997 1512 2039 aliunde
1530 2009 1612 2052 per
1627 1996 1754 2050 ellip-

233 2054 303 2096 sin
336 2067 377 2096 v.
408 2069 446 2097 c.
477 2054 699 2108 quandam
733 2055 940 2110 pendere,
975 2058 1091 2098 unde
1126 2057 1349 2099 sententia
1377 2055 1499 2097 fieret
1528 2054 1753 2108 ambigua.

232 2108 387 2164 Itaque
406 2117 521 2154 recte
535 2112 700 2154 dixisse
717 2113 882 2162 videor,
902 2127 1054 2156 earum
1074 2128 1202 2156 usum
1225 2114 1401 2155 fluxisse
1432 2126 1456 2154 e
1489 2111 1636 2155 studio
1655 2124 1754 2167 per-

235 2171 500 2224 spicuitatis.
563 2169 795 2224 Analogon
817 2174 881 2213 est
909 2175 952 2213 οὐ
983 2174 1107 2228 πρόσω
1127 2175 1197 2213 ἀπ’
1233 2170 1436 2219 ἀλλήλων,
1457 2183 1539 2224 pro
1565 2172 1608 2211 οὐ
1624 2170 1754 2224 πρόσω

234 2228 446 2272 ἀλλήλωνε
479 2226 613 2271 Dion.
639 2225 782 2271 Halic.
805 2230 837 2271 i.
857 2243 902 2285 p.
925 2228 1022 2272 375.
1084 2229 1170 2271 Sed
1188 2230 1299 2271 talia
1317 2229 1461 2271 ubivis
1481 2227 1622 2270 obvia.

838 2309 972 2353 ΑΠΟ
993 2315 1036 2353 et
1057 2310 1146 2352 ΕΞ.

296 2391 380 2436 Hae
397 2395 624 2436 abundant
643 2394 892 2450 praepositae
915 2394 1132 2436 adverbiis
1148 2398 1314 2436 motum
1347 2406 1372 2434 e
1392 2393 1486 2436 loco
1507 2391 1755 2446 significan-

242 2451 395 2500 fibus;
426 2455 476 2494 ut
508 2450 636 2494 Iliad.
669 2451 727 2493 Θ.
757 2451 858 2494 365.
882 2454 949 2493 ἀπ’
984 2450 1193 2508 οὐρανόθεν.
1252 2449 1436 2492 HeSiOd.
1470 2448 1578 2505 Asp.
1610 2447 1650 2490 7.
1681 2448 1758 2492 derb

243 2508 397 2566 xffSsv.
428 2508 649 2552 Theocrit.
672 2522 772 2552 xxv.
800 2508 894 2551 180.
928 2507 1020 2550 Οὐκ
1037 2507 1247 2553 Ἐλίκηθεν
1264 2509 1458 2563 Ἀχαιόςε
1489 2505 1676 2550 ΑσΙιίυῑιὸ·
1687 2503 1762 2548 ille

243 2579 298 2609 eoe
318 2565 471 2609 Helice
487 2567 703 2623 (oppido).
737 2566 948 2609 Herodot.
967 2568 1028 2608 ix.
1043 2566 1113 2609 73.
1137 2569 1178 2608 ἐκ
1190 2567 1315 2615 δήμου
1332 2565 1572 2609 Δεκελῆθεν.
1590 2562 1755 2606 Matth.

242 2627 364 2667 xxvi.
402 2624 472 2665 58.
507 2625 583 2666 ἀπὸ
612 2624 819 2680 μακρόθεν.
881 2623 987 2667 Haec
1015 2628 1190 2667 tantum
1210 2625 1402 2680 priscam
1432 2623 1758 2677 simplicitatem

241 2683 405 2737 linguae
425 2683 616 2724 nondum
636 2684 786 2737 politae
802 2683 1021 2731 redolent,
1057 2696 1136 2725 nec
1157 2683 1290 2724 aliam
1311 2682 1402 2723 vim
1421 2680 1601 2727 habent,
1622 2691 1756 2733 quam

245 2743 314 2782 ἀπ’
333 2740 500 2796 οὐρανοῦ,
530 2740 607 2781 ἀπὸ
625 2739 781 2796 κρατὸς,
813 2742 830 2781 ὃ
863 2739 904 2791 ἐξ
919 2738 1102 2789 Ἑλίκης,
1126 2741 1168 2781 ἐκ
1189 2741 1419 2787 Δεκελείας,
1439 2737 1516 2779 ἀπὸ
1532 2740 1697 2791 μακροῦ.

839 2839 997 2881 ΑΜΦΙ
1031 2845 1076 2882 et
1104 2838 1269 2882 ΠΕΡΙ.

306 2934 342 2975 1.
373 2931 618 2986 Aliquando
649 2930 767 2986 apud
786 2935 940 2986 poetas
976 2934 1263 2971 ωλεοναστικῶς
1297 2932 1533 2982 utrumque
1564 2928 1760 2983 positum

242 2991 450 3041 inveniri,
479 2989 675 3033 ostendit
713 2987 909 3043 Hoogev.
958 2989 1015 3032 ad
1048 2986 1153 3042 Vig.
1187 2987 1249 3029 ix.
1287 2986 1328 3040 7,
1366 2986 1408 3030 8.
1477 2984 1759 3041 Conjunctim
