1838 3164
245 145 331 188 210
624 147 950 190 EPIMETRON
977 148 1051 189 DE
1081 147 1419 190 RARIORIBUS

245 264 289 302 et
309 260 472 302 similia
493 261 712 315 dicuntur,
735 262 841 317 quia
867 266 935 304 est
971 263 1150 314 ἐἰγνωμεν,
1189 264 1324 312 ἐβίωτε
1353 265 1435 305 cet.
1493 262 1644 312 Quam
1654 271 1760 309 eatr-

244 318 343 360 dem
364 322 518 362 tamen>
533 322 753 363 rationem
771 333 903 375 supra
923 320 1114 362 vidimus
1133 322 1348 364 usitatum
1379 321 1460 366 δοίη
1494 323 1629 375 tueri,
1657 337 1759 367 con-

243 378 314 417 tra
334 376 485 425 formae
505 378 581 434 δῴη
600 379 786 427 officere,
812 381 876 420 ita
895 382 1044 421 tamen
1063 382 1115 420 ut
1145 380 1257 421 nihil
1291 378 1522 435 impediat,
1554 393 1646 435 quo
1677 384 1758 424 ml-

243 445 328 476 nus
349 435 395 478 in
416 436 506 478 illis
527 450 702 491 quoque
721 437 884 483 verbis,
909 448 1004 489 quae
1020 440 1174 479 amant
1193 437 1249 478 Ω.
1271 439 1534 480 elementum
1553 455 1574 480 ο
1591 439 1760 493 redeat,

242 495 294 534 ut
313 492 360 534 in
382 494 563 547 vulgata
581 495 703 544 γνοίη.
762 493 918 543 ὃεᾱὶη
938 507 991 535 eo
1024 495 1240 537 assentire
1261 495 1359 537 viro
1391 496 1651 539 acutissimo
1671 505 1761 539 non

241 561 437 603 possum,
460 552 578 605 quod
597 553 782 595 formam
802 551 958 594 διδοῦναι
986 552 1033 594 in
1061 551 1113 593 Il.
1142 570 1190 601 ω,
1209 551 1311 595 425.
1331 554 1600 596 infinitivum
1620 556 1759 597 aoris-

240 608 275 649 ti
305 607 407 662 (pro
440 609 580 666 δοῦναι)
597 624 691 653 esse
716 610 900 664 judicat.
958 607 1010 651 In
1040 622 1170 652 sensu
1190 616 1307 653 certe
1328 612 1439 653 nihil
1465 616 1535 653 est
1552 612 1673 666 quod
1691 610 1760 669 ita.

241 669 436 709 statuere
450 671 594 721 cogat.
655 668 857 710 Priamus
886 668 1004 710 enim
1025 680 1125 710 cum
1144 669 1340 711 audisset
1360 669 1414 711 de
1441 682 1626 726 corpore
1645 668 1761 712 Hec-

240 725 352 766 toris
371 724 554 771 deorum
585 739 668 781 ope
702 726 759 768 ab
790 726 967 779 injuriis
1000 729 1114 775 tuto,
1145 726 1352 781 subjicit:
1375 725 1410 771 ,ἦ
1451 728 1487 782 ῥ’
1517 725 1671 782 ἀγαθὸν
1698 726 1765 768 κεῖ

240 781 415 833 ἐναίσιμοι
435 782 536 840 δῶρα
556 783 711 826 διδοῦναι
727 782 981 832 Ἀθανοὶτοις,
1014 784 1093 825 ubi
1124 797 1254 836 aeque·
1278 785 1391 826 bene
1410 785 1613 840 procedit
1632 791 1763 842 &rgu-

240 842 457 883 mentatio
476 842 681 890 dicentis,
710 842 877 884 bonum
896 855 1008 891 esse,
1044 842 1082 883 si
1117 842 1219 894 quis
1241 840 1426 890 dederit,
1455 845 1502 884 et
1521 843 1684 897 siquis
1701 856 1765 885 se-

238 896 335 948 mel,
364 900 410 941 et
442 900 585 953 magis
620 900 756 942 etiam
791 901 831 942 si
866 901 965 954 quis
991 911 1153 956 semper
1191 899 1263 941 det
1298 899 1415 941 dona
1455 899 1560 941 diis.
1619 899 1764 955 AEtme

239 953 350 998 bene
378 957 517 1010 igitur
549 958 715 1000 habent
746 957 878 1000 διδόναι
899 963 945 1000 et
979 957 1131 1005 δοῦναις
1161 961 1213 999 ut
1244 970 1301 999 ex
1319 955 1595 999 formationis
1612 958 1764 999 analo-

239 1013 314 1065 gia
344 1027 434 1056 rem
462 1015 703 1069 dijudicare
745 1020 963 1072 oporteat.
1022 1014 1081 1058 Et
1114 1014 1364 1058 Her-manni
1407 1014 1587 1069 quidem
1612 1015 1763 1069 ratio-

239 1082 358 1121 nem,
390 1071 546 1115 διδοῦναι
567 1087 648 1128 pro
667 1074 790 1117 δοῦναι
808 1075 977 1117 dictum
995 1075 1215 1129 putantiS,
1242 1074 1389 1116 fateor
1406 1068 1762 1115 commendatam

239 1128 379 1172 videri
412 1128 649 1174 Homerico
684 1133 761 1175 illo
798 1132 958 1174 διδώσειν
988 1145 1070 1187 pro
1109 1132 1248 1175 δώσειν.
1310 1131 1573 1174 Accuratius
1610 1134 1760 1173 tamen

239 1185 430 1231 intuenti
451 1191 696 1245 apparebit,
728 1191 859 1245 longe
878 1191 1099 1233 diversam
1119 1203 1215 1232 esse
1243 1190 1374 1244 hujus
1393 1189 1629 1232 rationem.
1679 1181 1764 1230 Fu·-

143 1246 230 1290 242
240 1245 387 1289 turum
405 1249 522 1290 enim
542 1250 626 1290 etsi
657 1246 723 1291 ab‘
746 1249 991 1304 antiquiori
1026 1249 1288 1303 plerumque
1320 1249 1517 1290 themate
1535 1247 1601 1295 fit,
1632 1246 1762 1306 quale

240 1302 311 1344 hic
331 1308 397 1346 est
420 1305 490 1346 δόω
510 1307 628 1350 unde
647 1306 770 1357 δώσω,
804 1308 990 1349 formari
1011 1310 1160 1349 tamen
1179 1306 1326 1362 potuit
1354 1306 1412 1348 ab
1432 1305 1619 1348 auctiori
1640 1303 1764 1353 διδόω,

237 1363 449 1414 quoniam
487 1366 534 1408 in
573 1365 718 1409 forma
758 1365 898 1407 διδώσω
937 1365 1049 1407 nihil
1079 1366 1195 1419 perit
1224 1365 1281 1406 de
1310 1364 1454 1406 futuri
1489 1363 1760 1405 charactere.

239 1417 404 1463 Contra
424 1423 592 1466 aoristo
619 1422 662 1464 2.
695 1424 814 1466 verbi
850 1424 897 1465 in
931 1441 976 1471 μι
1009 1423 1208 1464 defectus
1237 1421 1414 1474 syllabae
1432 1418 1764 1474 reduplicativae

237 1479 475 1530 peculiaris
510 1483 554 1522 et
587 1481 651 1522 ita
685 1481 957 1522 necessarius
977 1483 1075 1527 est,
1091 1482 1142 1520 ut
1161 1480 1279 1520 bona
1298 1490 1400 1533 pars
1419 1478 1664 1519 formarum
1683 1475 1762 1518 hu-

229 1534 307 1589 jus
326 1538 539 1590 temporis
559 1550 611 1579 eo
632 1538 724 1579 solo
758 1538 815 1579 ab
845 1538 947 1579 aliis
975 1537 1294 1590 distinguatur,
1322 1543 1374 1577 ut
1394 1535 1445 1576 δῶ
1466 1538 1512 1577 et
1536 1532 1641 1582 διδῶ,
1661 1532 1762 1576 δοίην

238 1594 283 1634 et
305 1591 455 1641 διδοίην,
475 1593 559 1636 δοὺς
578 1599 622 1638 et
641 1594 773 1636 διδούς.
834 1593 977 1648 Igitur
997 1594 1129 1648 longe
1149 1592 1442 1648 probabiliori
1460 1591 1635 1633 ratione
1653 1592 1763 1645 pra!—

234 1651 348 1747 {enti
368 1652 583 1694 tribuitur
621 1653 865 1695 infinitivus
891 1651 1064 1700 διδοῦναι,
1094 1651 1332 1708 productus
1364 1650 1440 1692 ille
1465 1661 1493 1690 e
1521 1646 1761 1703 vulgatior-l

256 1720 381 1750 orma
400 1708 549 1751 διδόναι.

291 1763 498 1809 Doricam
543 1781 637 1810 esse
677 1768 868 1810 formam
896 1766 1002 1808 διδῶν
1044 1770 1162 1809 recte
1205 1778 1312 1808 sane
1341 1763 1602 1821 pronuntiat
1644 1759 1759 1804 Her-

235 1837 452 1874 mannus;
483 1838 624 1879 neque
658 1826 842 1868 dubium
870 1825 1091 1881 plerisque
1117 1823 1360 1872 videbitur,
1389 1823 1500 1876 quin
1531 1831 1615 1876 pro
1639 1819 1758 1862 διδοῗιν

234 1883 345 1924 illud
365 1883 533 1927 dictum
555 1885 614 1926 sit
632 1897 660 1927 a
688 1885 884 1927 themate
917 1882 1040 1931 διδόω,
1079 1886 1130 1924 ut
1162 1880 1375 1924 Doricum
1403 1879 1514 1922 illud
1532 1875 1759 1920 maula-

234 1953 365 1982 caenae
384 1943 503 1997 apud
522 1941 871 1998 Aristophanem
890 1943 938 1983 in
959 1939 1200 1995 Lysistrata
1220 1941 1278 1982 ab
1297 1939 1436 1980 ὑπνόω.
1496 1935 1581 1978 Cui
1593 1935 1758 1978 rationi

236 2000 318 2041 etsi
340 2012 428 2041 non
447 2001 684 2043 admodum
707 2000 1064 2055 repugnaverim,
1100 2002 1249 2040 tamen
1269 1999 1370 2040 cu'm
1397 2006 1543 2049 neque
1561 1999 1758 2060 praes-ens

236 2059 300 2100 ita
315 2056 557 2102 formatum
576 2058 683 2101 διδόω
700 2071 888 2112 usquam
906 2059 1124 2105 occurrat,
1155 2069 1298 2111 neque
1330 2054 1419 2097 Inf.
1454 2052 1590 2101 διδοῡν,
1618 2052 1758 2094 allam

235 2116 439 2171 equidem
471 2119 690 2160 rationem
709 2117 995 2172 praetulerim,
1023 2126 1114 2169 qua
1134 2115 1330 2156 themate
1349 2125 1438 2155 non
1459 2111 1652 2178 mutat03
1676 2109 1754 2151 do-

233 2176 373 2218 ricam
404 2176 527 2218 illam
556 2175 748 2219 formam
769 2176 865 2217 loco
893 2172 1159 2228 vulgatior-is
1191 2171 1325 2214 διδόναι
1344 2182 1457 2220 esse,
1479 2167 1654 2212 ostend1
1670 2178 1752 2222 po-

232 2236 336 2276 test.
397 2232 498 2282 Qua
525 2234 750 2278 occasione
777 2246 879 2275 cum
906 2236 951 2275 et
979 2232 1071 2274 alia
1099 2243 1188 2274 non
1217 2230 1480 2286 pervulgata
1507 2225 1667 2268 afferre
1694 2224 1751 2267 11-

231 2290 351 2343 beat,
399 2291 447 2334 in
488 2293 746 2335 universum
787 2290 988 2346 quaedam
1026 2290 1256 2344 disputata.
1302 2283 1613 2343 praemittenda
1639 2278 1753 2351 mihi

231 2348 374 2390 video.
431 2347 486 2392 Et
506 2351 616 2393 illud
634 2349 813 2404 quidem
838 2349 972 2391 facile
995 2348 1137 2389 cuivis
1165 2348 1326 2402 opinor
1345 2341 1637 2401 persuadebo,
1666 2349 1756 2381 non

233 2406 431 2449 diversas
449 2409 620 2462 origine
639 2409 804 2451 formas
837 2419 933 2450 esse
952 2404 1274 2448 Infinitivorum
1303 2403 1351 2444 in
1371 2420 1390 2445 ν
1408 2405 1454 2444 et
1471 2412 1560 2448 ναις
1589 2398 1646 2440 de
1663 2408 1755 2453 quo

234 2464 274 2506 si
294 2465 394 2519 quis
413 2465 601 2516 dubitet,
636 2466 818 2522 probari
847 2467 993 2522 potest
1019 2462 1130 2504 illud
1147 2474 1228 2517 per
1246 2460 1493 2504 Infinitivos
1515 2458 1563 2524 in
1584 2457 1674 2506 ἔμεν
1703 2456 1751 2495 et

141 2525 227 2571 243
237 2523 377 2576 ἔμεναι,
407 2524 501 2567 sive
521 2525 601 2568 has
620 2525 874 2581 primitivas
890 2523 1056 2566 formae
1072 2521 1169 2563 sive
1185 2532 1241 2562 ex
1258 2519 1350 2562 illis
1367 2518 1628 2561 dilatatione
1645 2522 1754 2580 qua-

236 2580 339 2623 dam
357 2586 486 2624 natas
504 2584 740 2627 existimes.
802 2581 922 2624 Nam
941 2581 979 2622 si
999 2592 1105 2623 vera
1134 2581 1252 2620 esset
1283 2579 1400 2620 inter
1428 2592 1449 2618 ν
1480 2576 1527 2616 et
1550 2588 1608 2641 ναι
1631 2569 1755 2611 diffe-

235 2639 399 2688 rentia,
417 2653 500 2695 pro
530 2643 686 2687 τύπτειν
711 2640 888 2684 nonnisi
908 2638 1118 2689 τυπτέμεν,
1137 2649 1221 2692 pro
1239 2633 1384 2677 τιθέναι
1403 2629 1580 2699 nonnisi
1597 2625 1757 2676 τιθέμε·

236 2715 296 2740 ναι
314 2697 545 2743 diceretur.
604 2695 774 2742 Notum
792 2711 897 2741 vero
925 2701 1010 2746 est,
1045 2700 1216 2738 veteres
1246 2695 1404 2749 poetas
1425 2687 1612 2747 permde
1630 2683 1756 2726 adhi—

236 2753 341 2797 bere
362 2759 595 2807 λειπέμεναι,
612 2757 835 2808 ἀλεξέμεναι
854 2770 937 2813 pro
957 2773 1022 2798 ·ειν
1042 2758 1087 2799 et
1121 2752 1277 2801 τιθέμεν
1311 2749 1443 2819 ςῌθδ.
1467 2765 1496 2791 ε.
1517 2742 1644 2799 742.)
1671 2753 1756 2809 piso

236 2811 396 2856 τιθέναι.
454 2813 583 2862 Quod
610 2817 765 2858 itidem
793 2816 1053 2857 observatur
1083 2812 1129 2853 in
1157 2809 1396 2853 Infinituns
1422 2806 1527 2849 Aor.
1557 2801 1680 2844 Pass-
1708 2811 1757 2841 m

236 2872 338 2915 ἦναι.
395 2870 514 2915 Nam
534 2875 617 2917 etsi
635 2872 854 2916 Homerus
878 2871 1145 2927 μιχθήμεναι,
1181 2868 1392 2919 μιγήμεναι
1419 2865 1599 2932 tantum
1629 2868 1755 2900 usur-

235 2933 329 2984 pat,
359 2929 509 2990 dorica
544 2935 692 2978 tamen
719 2933 932 2980 dialectus
966 2931 1100 2975 habet
1134 2924 1418 2983 αἰσχυνθῆμεν,
1447 2932 1651 2979 τξαππμθ
1670 2917 1752 2958 ⁰20·
