1838 3164
203 145 290 190 204
575 150 647 192 DE
677 149 883 194 ELLIPSI
910 148 980 191 ET
1006 147 1342 191 PLEONASMO

202 266 303 314 tem,
334 275 432 318 quae
462 265 628 308 incerta
662 259 746 315 est,
766 264 1031 306 referuntur.
1093 264 1370 307 Simillimum
1403 264 1510 320 quid
1541 263 1708 306 factum

202 322 398 364 videmus
418 323 466 364 in
488 324 569 366 hoc
589 324 836 365 oratoribus
856 323 1037 370 usitato,
1067 322 1135 363 οὒκ
1163 320 1233 364 οἷδ’
1265 324 1321 364 ὅτι
1353 323 1411 364 δεῖ
1431 324 1552 365 πλείω
1569 323 1707 371 λε’·γειν,

200 379 315 430 quod
354 381 507 432 attigit
530 380 649 422 Frid.
683 380 798 434 Aug.
834 378 1018 421 Wolfius
1052 380 1107 421 ad
1142 379 1370 423 Demosth.
1409 386 1518 423 orat.
1555 384 1709 422 contra

200 434 328 490 Lept.
362 450 405 491 p.
427 437 527 479 388.
550 440 616 480 vel
651 442 701 480 ut
731 437 847 492 apud
876 435 1113 479 Isocratem
1140 439 1187 479 in
1218 443 1384 493 trapez.
1405 452 1500 494 cap.
1526 437 1589 479 17.
1625 441 1709 489 est,

199 494 267 534 οὒκ
286 491 355 534 οἶδ’
375 495 431 535 ὅτι
450 497 571 537 πλείω
591 496 649 537 δεῖ
662 498 795 545 λέγειν.
857 493 974 537 Nam
989 496 1052 536 ibi
1078 493 1147 535 οἷδ’
1166 496 1223 537 ὅτι
1243 509 1381 549 neque
1400 496 1458 538 ad
1478 498 1520 537 οὐ
1539 495 1597 535 δεῖ
1610 501 1707 549 per-

198 550 327 599 tinet,
358 554 473 605 quod
491 554 722 596 dicendum
742 555 874 600 esset,
905 555 947 594 οὖ
966 552 1035 601 δεῖ,
1057 550 1128 593 οἷδ’
1156 554 1229 601 ὅτι,
1266 555 1387 595 πλείω
1416 556 1552 603 λέγειν,
1573 564 1710 605 neque

198 608 255 649 ad
274 611 317 650 οὐ
337 611 474 658 πλείω,
492 612 606 664 quod
626 612 710 652 dici
732 610 923 658 deberet,
952 613 994 651 οὗ
1010 611 1145 658 πλείω,
1193 609 1264 651 οἶδ’
1287 612 1359 660 ὅτι,
1390 611 1449 652 δεῖ
1473 613 1611 660 λέγειν,
1633 610 1709 651 Sed

198 666 256 706 ad
289 668 427 708 solam
459 670 737 722 negationem
772 668 829 716 οἵ),
860 681 958 721 quae
989 671 1223 722 propterea
1255 683 1354 711 cum
1389 673 1569 711 accentu
1602 668 1705 710 scri·
1753 684 1755 686 ·

100 726 184 771 229
199 722 342 765 benda
362 729 455 766 est:
493 725 574 774 οὒκ,
595 724 665 766 οἷδ’
687 726 759 774 ὅτι,
781 725 840 766 δεῖ
866 726 988 767 πλείω
1009 727 1146 774 λέγειν,
1183 740 1268 768 non
1296 739 1411 769 sane.
1472 725 1569 767 Hoc
1600 737 1709 779 quo-

198 793 284 833 que
307 782 343 822 si
367 784 582 836 quomodo
601 785 813 835 cogitetur
845 784 1170 837 explanandum
1191 788 1273 834 est,
1305 785 1368 826 sic
1387 784 1473 826 dici
1503 779 1714 824 debebit}

197 843 239 878 οὐ
261 838 320 879 δεῖ
333 841 454 880 πλείω
475 841 614 889 λέγειν,
636 839 706 881 οἷδ’
740 841 796 881 ὅτι
815 841 856 882 οἷ)
886 840 964 895 (δεῖ
987 842 1109 882 πλείω
1128 842 1284 898 λέγειν).
1343 841 1430 883 Hic
1447 842 1628 896 pariter,
1658 843 1711 881 ut

197 896 244 936 in
276 898 504 950 particulis
539 898 598 946 μὴ
633 899 690 946 οἰ),
721 899 818 939 duae
849 902 951 940 sunt
988 900 1234 948 sententiae,
1281 899 1422 941 altera
1453 897 1711 952 simpliciter

196 966 290 994 rem
331 955 584 1005 enuncians,
629 957 768 998 altera
805 956 969 997 addens
1004 958 1216 1010 majorem
1253 958 1488 1010 quamdam
1524 955 1711 1007 affirma-

195 1011 391 1058 tionem:
436 1025 568 1065 quam
605 1013 956 1062 affirmationem,
996 1016 1206 1068 quoniam
1247 1028 1334 1056 non
1370 1015 1426 1055 ad
1457 1014 1712 1055 universam

163 1093 177 1102 ι
197 1070 478 1117 sententiam,
510 1069 586 1112 sed
620 1071 677 1111 ad
707 1073 900 1126 aliquam
928 1074 1023 1126 ejus
1060 1076 1233 1127 partem
1266 1077 1460 1127 spectare
1492 1071 1711 1119 volumus,

196 1124 299 1167 huic
314 1128 431 1181 parti
451 1141 548 1168 eam
569 1127 867 1181 adjungimus,
888 1131 1137 1184 suppressis
1154 1131 1354 1184 reliquis.

253 1183 468 1239 Exempla
497 1198 612 1227 nunc
646 1185 879 1229 afferamus
903 1189 1222 1242 particularum
1241 1189 1301 1236 μὴ
1337 1187 1378 1228 οἱ)
1412 1198 1514 1228 cum
1532 1185 1712 1240 partici-

195 1241 272 1296 pio
308 1243 368 1284 sic
396 1245 666 1296 junctarum,
701 1248 751 1284 ut
772 1245 1024 1287 dubitanter
1043 1249 1219 1299 negent.
1282 1243 1334 1287 In
1367 1258 1454 1297 quo
1485 1257 1566 1285 usu
1602 1243 1714 1284 nihil

196 1299 463 1342 difficultatis
500 1308 584 1348 est,
615 1301 774 1353 siquis
806 1304 1071 1351 meminerit,
1101 1303 1161 1352 μὴ
1195 1307 1307 1345 ποιῶν
1340 1315 1435 1344 esse
1468 1299 1584 1357 quod
1618 1298 1715 1357 quis

196 1369 282 1399 non
290 1356 411 1414 facit
430 1356 616 1414 aliquid,
647 1364 725 1400 aut
743 1358 783 1401 si
799 1374 884 1401 non
893 1359 1040 1418 facic,·
1068 1361 1128 1408 μὴ
1162 1364 1203 1402 οὐ
1222 1363 1333 1402 ποιῶν
1355 1364 1505 1401 autem
1526 1356 1616 1400 nisi
1635 1356 1714 1414 fa-

197 1413 267 1455 cit.
329 1414 437 1463 Quae
467 1417 686 1470 quomodo
722 1417 944 1465 differant,
976 1431 1063 1458 non
1099 1421 1167 1458 est
1193 1419 1442 1459 obscurum.
1503 1414 1590 1462 Qui
1625 1412 1715 1455 m‘sz·

184 1470 325 1529 fallor
343 1474 467 1520 dicit,
498 1474 657 1514 dubius
689 1477 768 1524 est,
797 1478 945 1515 utrum
978 1475 1175 1521 fallatur,
1207 1487 1265 1515 an
1297 1487 1416 1522 non;
1447 1474 1525 1527 qui
1555 1471 1596 1514 si
1627 1485 1714 1513 non

186 1527 341 1585 fallor,
374 1531 472 1578 hoc,
502 1543 589 1571 non
607 1530 704 1570 falli
726 1543 789 1579 se,
818 1535 869 1572 ut
898 1535 1066 1573 certum
1089 1532 1238 1572 sumit.
1300 1530 1408 1572 Haec
1439 1532 1477 1572 si
1511 1530 1715 1571 dicantur

195 1598 276 1640 per
304 1587 558 1642 participia,
597 1588 784 1629 alterum
814 1587 901 1630 nisi
922 1587 1085 1645 falsuS,
1115 1589 1304 1629 alterum
1339 1601 1426 1629 non
1447 1586 1594 1645 falsus
1626 1586 1714 1627 dici

197 1656 372 1686 necesse
393 1648 473 1686 est.
533 1643 636 1686 Jam
655 1646 856 1698 exempla.
884 1646 1124 1686 videamus.
1183 1644 1418 1699 Sophocles
1443 1646 1496 1701 *in
1532 1642 1632 1686 OEd.
1654 1642 1713 1685 R.
1735 1652 1738 1655 '

201 1700 266 1741 12.
289 1701 554 1750 Δυσοέλγητος
585 1702 660 1757 *γὰρ
691 1700 733 1743 ἂν
755 1701 864 1752 Ei'm,
885 1702 1025 1743 τοιάνδε
1045 1702 1105 1751 μὴ
1125 1705 1167 1743 οὗ
1185 1703 1448 1758 κατοικτείρων
1479 1701 1599 1758 ἕδραν.
1660 1701 1716 1744 Et

195 1770 234 1798 v.
256 1757 355 1800 220.
370 1757 447 1800 «Οὐ
465 1759 540 1813 «γὰρ
563 1757 605 1800 ἂν
626 1759 776 1813 μακρὰν
796 1758 978 1813 ἸΙχνευον
1000 1758 1132 1807 αὐτὸς,
1155 1760 1214 1808 μῆ
1236 1763 1302 1801 οὐκ
1320 1760 1422 1813 ’έχων
1450 1778 1487 1801 τι
1507 1762 1714 1808 σύμβολον.

197 1813 249 1856 In
270 1816 339 1856 his
354 1817 459 1858 locis
481 1817 563 1858 hoc
582 1817 689 1858 dicit
709 1830 718 1856 :
753 1815 887 1858 durus
907 1830 1051 1866 essem,
1086 1816 1177 1859 nisi
1194 1822 1332 1859 vestra
1359 1832 1427 1860 me
1455 1816 1714 1875 supplicatio

199 1878 415 1928 tangeret:
441 1887 595 1929 parum
613 1873 704 1930 ipse
723 1872 1025 1930 investigando
1042 1874 1301 1931 proficerem,
1336 1875 1421 1918 m‘sz'
1451 1874 1623 1932 aliquid
1648 1874 1716 1916 in-

103 1935 188 1980 230
199 1930 311 1973 dz'cz'z'
340 1930 578 1988 repem‘rem.
638 1930 765 1979 Quod
785 1933 822 1973 si
842 1933 902 1981 μὴ
925 1933 1124 1979 dixisset,
1156 1946 1307 1976 sensus
1325 1938 1463 1976 esset:
1496 1933 1626 1975 durus
1655 1945 1716 1974 es-

196 2003 294 2040 sem,
326 1988 365 2031 si
393 2003 459 2031 me
491 2003 577 2031 ‘non
606 1996 790 2031 moveret
817 1995 955 2032 vestra
986 1989 1262 2047 supplicatio,
1294 1996 1372 2034 aut
1400 1990 1514 2049 quod
1542 2005 1609 2033 me
1628 2004 1716 2032 non

196 2053 358 2088 movet.-
381 2061 537 2103 parum
559 2046 824 2103 proficerem,
855 2047 896 2089 sz'
926 2047 1037 2090 m‘lzz'l
1064 2046 1222 2091 indicii
1253 2049 1462 2098 haberem,
1492 2053 1572 2091 aut
1602 2046 1717 2104 quod

196 2103 364 2145 nullum
397 2103 609 2146 indicium
639 2104 784 2147 habeo.
846 2105 1011 2147 Contra
1043 2105 1279 2159 Sophocles
1315 2109 1360 2150 in
1390 2106 1641 2149 Trachiniis
1671 2120 1712 2148 v.

197 2159 297 2203 592.
330 2160 451 2202 Ἀλλ’
473 2162 600 2203 εἰδέναι
621 2163 703 2217 χρὴ
725 2162 878 2218 δρῶσαν.
903 2166 952 2204 ὧς
971 2163 1048 2204 οὐδ’
1069 2165 1099 2203 εἶ
1121 2162 1409 2218 δοκεῖς”Εχειν,
1430 2163 1535 2218 ἕχόις
1555 2162 1599 2205 ἂν
1619 2167 1715 2213 ’γνῶ-

197 2236 273 2267 μα,
304 2219 363 2267 μὴ
384 2222 613 2275 πειρωμένη.
677 2219 719 2261 Η
724 2222 765 2261 ic
785 2221 822 2261 Si
843 2222 1039 2272 dixisset,
1060 2220 1119 2270 μὴ
1141 2226 1183 2263 οὐ
1202 2222 1426 2278 πειρωμένη,
1446 2223 1528 2264 hoc
1549 2222 1714 2274 signifi-

197 2281 365 2318 casset:
397 2291 483 2319 non
513 2291 740 2333 cognoscas
756 2292 860 2327 rem,
890 2277 979 2320 nisi
1007 2277 1339 2334 experimentum
1362 2278 1525 2337 facia&
1582 2277 1715 2320 Nunc

197 2334 257 2381 μὴ
280 2337 489 2387 πειρωμένη
510 2336 675 2383 dicens,
707 2337 787 2378 hoc
802 2337 895 2378 vult
914 2349 924 2375 ε
956 2349 1044 2377 rem
1063 2349 1150 2378 non
1170 2350 1394 2393 cognoscas
1411 2336 1452 2378 si
1469 2350 1556 2379 non
1570 2335 1717 2393 facias

199 2391 548 2446 experimentum.
609 2393 794 2436 Dixerat
833 2394 951 2436 enim
983 2393 1212 2442 Deianira,
1247 2396 1359 2450 πείρᾳ
1390 2394 1424 2434 δ’
1457 2396 1500 2435 οὺ
1525 2396 1716 2450 προσωμί-

199 2450 303 2490 λησοέ
322 2465 398 2490 πω.
458 2450 560 2492 Non
581 2456 700 2493 recte
721 2465 826 2504 ergo
846 2451 1106 2493 Schaeferus
1126 2452 1174 2493 in
1195 2450 1418 2494 Meletem.
1451 2452 1550 2493 crit.
1581 2466 1627 2508 p.
1645 2451 1714 2495 57.

200 2505 319 2547 istud
345 2507 404 2554 μῆ
437 2508 645 2564 πειρωμένη
679 2511 950 2551 tantumdem
986 2522 1080 2551 esse
1113 2509 1223 2551 dicit
1251 2514 1384 2567 atque
1418 2512 1447 2550 εἶ
1478 2510 1538 2558 μὴ
1573 2516 1719 2567 πειρῷο.

200 2562 340 2605 Immo
379 2565 491 2606 idem
526 2570 592 2607 est
629 2567 744 2619 quod
784 2566 932 2623 ἄπειρος
961 2565 1068 2615 οὖσα,
1113 2569 1181 2608 vel
1216 2569 1245 2607 εἰ
1281 2572 1323 2610 οὐ
1355 2575 1486 2624 πειρᾷ,
1519 2571 1571 2609 ut
1601 2567 1718 2621 apud

202 2620 445 2662 Homerum
467 2621 594 2664 Iliad.
615 2624 674 2665 Ω.
697 2623 798 2666 296.
832 2624 880 2665 Εἰ
917 2624 954 2665 δέ
987 2641 1042 2665 τοι
1075 2627 1115 2666 οὖ
1146 2624 1250 2666 δώσει
1287 2626 1341 2668 ἑὸν
1370 2625 1533 2675 ἄγγελον
1554 2625 1718 2680 εὐρύοπα

202 2677 318 2720 Ζεύς.
378 2677 443 2720 Ut
464 2679 720 2735 Sophocles,
757 2684 822 2724 ita
845 2681 1106 2724 Plutarchus
1129 2683 1174 2724 in
1195 2683 1325 2724 initio
1345 2684 1462 2732 libri,
1495 2696 1583 2735 quo
1601 2694 1716 2734 quae-

201 2737 278 2784 rit,
307 2738 523 2788 quomodo
543 2739 640 2791 quis
669 2753 768 2781 suos
800 2742 847 2781 in
877 2741 1039 2781 virtute
1072 2753 1332 2794 progressus
1362 2742 1538 2788 sentiat,
1574 2753 1619 2793 p.
1642 2738 1714 2779 75.
1736 2745 1747 2755 ·

203 2792 252 2834 Β.
289 2800 654 2838 commemoratus
683 2798 758 2838 ille
787 2798 937 2838 eadem
971 2798 1138 2851 pagina
1167 2811 1195 2839 a
1228 2797 1490 2839 Schaefero:
1525 2796 1606 2838 οὐδὲ
1640 2796 1715 2850 vaip

204 2849 247 2891 ἂν
268 2852 302 2891 ἐν
321 2855 510 2899 μουσικοῖς
541 2869 597 2894 τις
615 2853 640 2898 ἢ
661 2858 947 2909 γραμματικοῖς
978 2853 1157 2896 ἐπιδιδοὺς
1185 2857 1317 2904 «γνοίη,
1342 2855 1461 2903 μηδὲν
1491 2856 1525 2896 ἓν
1546 2859 1600 2909 τῷ
1617 2870 1716 2902 μαν-

203 2906 326 2958 θάνειν
347 2911 549 2965 ἀπαρύτων
571 2913 642 2954 τῆς
663 2912 745 2967 περὶ
766 2917 894 2955 ταῦτα
915 2910 1105 2963 ἀμαθίας,
1140 2913 1234 2954 ἀλλ’
1267 2912 1348 2956 ἴσης
1377 2915 1482 2968 αὐτῷ
1501 2913 1572 2955 τῆς
1591 2913 1717 2963 ἀτεχ-

204 2966 283 3008 νίας
303 2966 360 3009 ἀεὶ
380 2969 581 3023 παρούσης·
605 2967 687 3010 οὐδὲ
707 2970 886 3020 κάμνοντι
907 2969 1107 3031 θεραπεία,
1127 2970 1188 3021 μὴ
1207 2975 1362 3016 ποιοῦσα
1380 2969 1588 3027 ῥᾳστώνην,
1617 2967 1717 3020 μηδὲ
