1838 3164
608 495 1230 576 PRAEFATI-O-

399 656 865 723 EDITORIS
931 649 1441 710 HALENSIS.

867 1041 904 1096 g,
936 1039 972 1083 1.

104 1124 107 1133 '
165 1108 661 1186 QUINQUAGINTA
696 1131 885 1187 amplius
930 1131 1068 1186 elapsi
1102 1130 1202 1172 sunt
1235 1127 1357 1178 anni,
1387 1134 1444 1167 ex
1471 1123 1559 1179 ‘quo
1590 1126 1677 1164 noa

163 1187 359 1230 tissimus
389 1188 460 1230 hic
490 1191 776 1244 perutilisque
797 1189 850 1230 de
871 1185 1027 1243 Ellipsi
1049 1186 1203 1229 Graeca
1227 1179 1566 1240 libellustiucem‘
1609 1176 1670 1221 ι’·ί-ι

162 1254 283 1286 mum
317 1245 529 1301 adspexit.
592 1247 728 1302 Cujus
762 1251 914 1290 auctor
942 1244 1203 1288 Lambertus
1238 1240 1343 1291 Bos,
1373 1241 1440 1283 vir
1471 1237 1571 1297 doct
1590 1237 1670 1279 ssi·¹

162 1314 274 1350 musi,
306 1301 470 1345 Graecae
491 1302 597 1357 olim
628 1303 786 1359 linguae
818 1302 1040 1346 Professor
1073 1304 1120 1344 in
1155 1298 1391 1350 Academia
1422 1285 1671 1352 Franeque-

165 1370 287 1407 rana,
316 1361 506 1402 instituti
529 1364 595 1404 sui
619 1365 850 1411 rationem,
873 1362 954 1403 hoc
971 1366 1036 1403 est
1051 1361 1351 1402 necessitatem
1371 1360 1417 1399 et
1433 1352 1673 1411 utilitatem

164 1414 374 1459 doctrinae
393 1418 446 1460 de
467 1415 622 1474 Ellipsi
643 1433 796 1463 vocum
817 1419 1094 1474 quarundam
1115 1416 1384 1465 Graecarum,
1414 1412 1523 1457 satis
1546 1411 1668 1455 lucu-

164 1473 306 1517 lenter
325 1473 371 1516 in
392 1474 621 1532 peculiari,
649 1490 782 1532 quam
801 1478 1006 1534 praefixit,
1034 1475 1292 1532 praefatione
1311 1471 1531 1530 exposuit.

844 1570 884 1625 §-
915 1567 974 1611 11.

223 1648 416 1691 Primam
438 1650 567 1704 hujus
583 1651 685 1692 libri
706 1651 945 1693 editionem
966 1651 1148 1692 minoris
1167 1650 1318 1692 formae
1347 1646 1410 1702 (in
1449 1644 1588 1688 12mo.
1620 1646 1670 1686 ut

165 1707 340 1763 vocant)
371 1709 479 1749 satis
498 1712 670 1751 constat
701 1710 781 1751 sub
813 1710 951 1751 oculis
985 1709 1111 1762 quasi
1139 1707 1358 1754 Auctoris,
1387 1703 1674 1757 Franequerae

164 1765 330 1819 publici
356 1766 469 1818 juris
490 1767 655 1807 factam
675 1780 794 1815 esse;
825 1770 1030 1822 caeterum
1050 1779 1231 1813 annum,
1262 1777 1349 1817 quo
1368 1763 1558 1817 primum
1571 1772 1673 1816 pro-

165 1821 313 1870 dierit,
360 1823 555 1865 indicare
590 1837 676 1865 non
710 1837 959 1878 possumus,
1003 1837 1102 1865 cum
1134 1824 1252 1864 illius
1289 1821 1554 1862 mentionem
1591 1830 1672 1860 nec

168 1877 324 1921 Bosius
344 1893 421 1921 nec
443 1879 776 1934 Schoettgenius
797 1883 842 1923 in
863 1882 1120 1936 praefatione
1139 1881 1309 1927 fecerit,
1341 1879 1522 1932 ipsaque
1538 1874 1674 1932 editio

164 1937 309 1992 prima
341 1938 397 1978 ad
432 1951 586 1980 manus
623 1952 738 1980 nunc
767 1939 945 1992 quidem
981 1951 1067 1979 non
1101 1938 1174 1979 sit.
1246 1935 1297 1978 Id
1331 1938 1517 1981 constat,
1548 1933 1671 1974 brevi

165 1995 374 2049 temporis
394 1997 536 2050 spatio
556 1997 802 2038 venditione
836 1996 1092 2038 distractam
1121 1995 1231 2036 hanc
1261 1995 1325 2035 ita
1352 1993 1504 2043 fuisse,
1533 1994 1585 2032 ut
1617 1989 1674 2030 de

165 2064 278 2151 gova
290 2051 550 2151 *adornanda
579 2052 758 2096 Auctori
792 2057 835 2096 et
863 2054 1107 2109 bibliopolae
1127 2051 1457 2105 Franequerano
1477 2048 1673 2102 cogitan-

199 2123 273 2152 um
312 2111 440 2152 uerit.

847 2194 887 2250 ς.
918 2191 994 2236 111.

222 2289 378 2343 Inopia
409 2288 585 2330 interim
627 2289 941 2344 exemplarium
980 2289 1111 2344 hujus
1146 2288 1302 2338 libelli,
1345 2287 1391 2328 in
1431 2286 1672 2329 Germania

170 2350 322 2389 nostra
341 2347 561 2400 inprimis,
592 2347 785 2394 suborta,
807 2347 972 2389 factum
993 2351 1074 2399 est,
1089 2351 1139 2389 ut
1157 2360 1273 2389 anno
1294 2359 1492 2388 MDcoxu
1505 2349 1536 2387 ².
1569 2343 1672 2399 Lip-

169 2405 326 2446 siensis
345 2404 584 2457 bibliopola
601 2402 636 2445 I.
658 2403 707 2445 C.
727 2404 926 2457 Martini,
955 2406 1067 2446 inito
1093 2404 1277 2446 consilio
1306 2405 1387 2446 hoc
1416 2403 1672 2458 opusculum

169 2461 421 2509 recudendi,
453 2459 754 2503 Christianum
776 2462 1151 2516 Schoettgenium,
1177 2461 1334 2504 Virum
1355 2459 1676 2512 Clarissimum,

170 2518 331 2574 Lipsiae
352 2522 458 2560 tunc
476 2518 720 2572 degentem,
755 2523 942 2573 rogaret,
972 2524 1037 2572 ut,
1066 2533 1163 2574 quae
1190 2520 1371 2562 haberet
1400 2519 1456 2560 ad
1489 2519 1675 2573 locuple-

168 2577 354 2619 tandum
376 2573 613 2618 Bosianum
633 2579 858 2632 scriptum,
876 2577 1109 2631 colligeret.
1159 2576 1314 2632 Itaque
1336 2575 1673 2630 Schoettgenius

169 2647 274 2677 suas
295 2631 650 2675 observationesb
680 2648 801 2678 novae
818 2635 1000 2677 editioni
1035 2635 1327 2689 subjiciendas
1355 2633 1552 2682 curavit;
1581 2632 1675 2686 qui-

213 2773 231 2791 a
253 2767 415 2799 Auctores
427 2765 563 2807 quidem
578 2765 681 2797 libri:
698 2765 851 2805 ,Histoire
866 2765 1009 2808 critique
1023 2768 1063 2798 de
1080 2768 1111 2799 la
1126 2765 1325 2809 republique
1340 2768 1399 2798 des
1410 2766 1534 2803 lettres,
1554 2769 1580 2796 t.
1602 2763 1674 2796 xiv.

171 2823 207 2854 p.
225 2813 297 2842 355.
320 2809 545 2851 prodiderant,
559 2809 705 2850 priorem
719 2809 1030 2849 schoettgenianam
1044 2821 1099 2842 seu
1116 2810 1258 2852 primam
1273 2810 1482 2851 Lipsiensem
1492 2807 1673 2840 editionem

167 2857 238 2898 jam
252 2863 337 2885 anno
353 2861 509 2884 MDCCXI.
525 2854 635 2884 lucem
656 2852 827 2893 publicam
842 2852 983 2884 vidisse:
1007 2854 1064 2884 sed
1078 2854 1111 2885 id
1124 2854 1259 2895 quidem
1273 2853 1402 2895 oppido
1416 2852 1562 2890 falsum„
1572 2856 1673 2892 prout

171 2899 248 2940 ipse
271 2895 525 2937 Schoettgenius
550 2895 583 2927 in
604 2896 787 2936 posteriore
811 2895 1007 2938 praefatione
1032 2907 1103 2935 sua,
1128 2898 1265 2930 Dresdae
1279 2897 1333 2929 die
1351 2896 1406 2936 ,iv-
1430 2892 1571 2937 Augusti
1593 2893 1670 2926 anni

175 2948 415 2974 unccxxviu.
430 2938 566 2980 scripta,
579 2940 721 2970 monuit.

217 2983 235 3029 ξ’
256 2982 424 3026 Insignitas
436 2981 557 3018 suntin
570 2982 723 3027 ptaesenti
737 2981 885 3018 editione
899 2982 1020 3019 litteris
1036 2984 1121 3018 Seu.
1133 2984 1187 3020 vel
1204 2984 1237 3020 S.
