1838 3164
498 136 833 185 PLEONASMI'
848 136 1321 182 PRAEPOSITIONUM.
1610 141 1684 189 85.

153 247 292 304 ιιιίιεο,Δ
305 252 401 309 ipso
420 266 601 299 numero
620 257 843 300 historico.
902 255 1072 300 Pariter
1088 256 1306 300 Theocrit.
1340 258 1371 300 i.
1390 255 1464 300 25.
1493 255 1606 308 Αἶεγαὶ
1623 261 1672 301 τέ

158 324 215 357 τρι
234 307 340 354 Bm&
370 311 616 364 διδυμάτοκρν
639 316 683 356 ἐς
714 315 795 370 τρῖς
811 314 979 366 ἀμέλξαι
995 329 1006 356 2
1037 320 1079 358 et
1096 328 1266 372 capram
1285 313 1365 357 tibi
1382 314 1492 358 dabo
1509 315 1670 372 gemel-

125 385 128 387 ·
158 362 225 408 las
242 365 431 418 enimam,
463 383 591 427 quam
619 370 685 413 vel
713 378 774 414 ter
798 372 854 426 (s,
886 385 973 416 non
989 371 1133 415 minus
1157 387 1197 428 q.
1222 373 1272 428 t.)
1302 372 1492 430 mulgere
1509 371 1675 429 possis.

156 420 358 480 Xenoph.
393 426 494 482 Cyri
525 427 648 471 Disc.
682 441 723 470 v.
758 429 801 482 2,
843 430 880 471 1.
912 433 945 472 οἱ
973 430 1132 487 Περσῶν
1162 433 1306 478 ἱππεῖς,
1339 433 1578 480 γεγενημένοι
1615 432 1671 472 εἷς

157 477 394 534 δισχιλίουςτ
425 483 651 527 Persarum
679 486 858 543 equites,
891 486 969 544 qui
982 488 1081 544 jam
1099 486 1218 530 aucti
1231 492 1351 530 erant
1364 487 1592 530 minimum
1611 487 1673 529 ad

158 535 245 581 duo
261 538 415 584 millia.
474 541 705 586 Fischerus
720 549 838 587 certe
858 547 906 586 in
935 545 1166 588 Animadv.
1199 545 1257 586 ad
1275 544 1408 587 Well.
1443 544 1522 587 Gr.
1539 546 1606 586 iii.
1624 545 1670 588 b.

159 606 206 654 p.
223 594 330 646 226,
347 598 459 642 hanc
479 613 504 642 e
521 601 615 642 cod.
650 600 798 644 Guelf.
826 604 1059 646 lectionem
1090 601 1395 658 Xenophontis
1414 616 1510 646 esse
1537 605 1672 657 puta-

158 652 238 708 bat
274 667 362 696 non
393 657 552 709 minus,
581 671 715 712 quam
748 661 949 710 alteram,
982 661 1082 711 ἀμφὶ
1113 659 1201 702 τοὺς
1230 660 1338 715 δισχ.
1368 664 1524 716 utpote
1554 673 1580 702 e
1599 672 1671 703 se·-

157 711 302 753 cunda
341 715 534 756 auctoris
570 719 821 760 recensione
853 719 1044 761 ductam.
1104 716 1308 760 Zosimus
1356 718 1411 760 de
1444 718 1672 760 luculento

197 772 442 813 onstantini
476 771 542 814 M.
573 779 789 829 apparatu
821 777 876 818 ad
906 777 1070 818 bellum
1096 789 1297 827 narranS‚
1325 776 1390 817 καὶ
1423 776 1672 831 τριηκόντοροι

158 824 245 877 μὲν,
275 826 438 882 inquit,
477 832 530 872 εἷς
562 830 751 874 διακοσίας
768 833 1149 878 κατεσκευάσθησαντ
1180 846 1308 876 naves
1337 832 1511 876 tricenis
1537 830 1670 874 remis

157 883 334 939 agendoe
351 899 524 929 numero
555 888 778 933 minimum
809 891 989 935 ducentae
1017 898 1180 948 paratae
1211 897 1348 934 erant.
1406 891 1532 933 Adde
1551 887 1671 932 Xen.

157 939 260 999 Cyri
290 941 413 986 Disc.
439 945 486 986 ii.
526 945 563 997 1,
583 946 625 988 5.
643 949 703 989 vi.
723 947 766 1001 2,
799 948 861 990 10.
891 948 1004 1006 Exp.
1038 951 1066 992 i.
1097 950 1140 1001 2,
1158 949 1202 991 3.
1224 952 1310 991 etc.
1330 947 1492 991 AElian.
1513 946 1571 990 V.
1603 945 1669 990 H.

155 998 251 1040 xiii.
269 999 341 1042 34.
399 1000 568 1045 Pariter
587 1009 631 1046 et
656 1006 873 1048 adverbiis
894 1007 1002 1058 ἅπαξ
1019 1009 1108 1050 vim
1122 1008 1334 1060 maj0rem
1353 1007 1492 1049 addit.
1549 1004 1671 1047 Nam

154 1056 319 1107 εἰσάπαξ
338 1062 405 1100 est
424 1059 491 1101 vel
513 1061 653 1110 semel,
672 1063 800 1105 semel
818 1063 924 1107 adeo
942 1081 957 1114 ‚·
984 1065 1101 1120 quod
1121 1065 1228 1106 alibi
1248 1068 1317 1118 κᾷν
1336 1062 1446 1114 ἅπαξ
1464 1062 1671 1118 Sophocl-

157 1111 345 1157 Philoct.
372 1116 468 1159 123.
498 1124 544 1160 et
562 1118 669 1168 446;
701 1125 779 1163 aut
798 1123 916 1175 quod
934 1136 1012 1165 nos
1033 1121 1337 1180 aufeinmahl,
1362 1135 1466 1165 cum
1485 1120 1673 1176 opponi-

157 1173 232 1213 tur
249 1179 305 1230 τῷ
322 1174 429 1215 κατὰ
447 1175 593 1231 μικρὸν,
612 1181 664 1219 ut
683 1177 860 1221 Cebetis
874 1180 966 1222 tab.
987 1195 1026 1223 c.
1045 1180 1088 1222 4.

214 1227 318 1272 Alia
335 1236 453 1274 recte
474 1234 671 1277 videmus
690 1237 792 1278 aliis
811 1238 1072 1292 relinquere.
1130 1237 1266 1287 Nam,
1286 1238 1404 1291 quod
1423 1237 1528 1294 huic
1541 1237 1675 1279 affine

158 1286 348 1337 videtur,
371 1290 423 1331 εἷς
437 1290 508 1343 ἀεὶ,
536 1290 585 1332 in
602 1306 724 1335 omne
739 1293 948 1350 futurum
978 1302 1156 1352 tempus,
1185 1296 1319 1338 facile
1349 1296 1430 1343 ita,
1463 1298 1516 1336 ut
1535 1295 1676 1336 inter-

157 1346 356 1398 precatus
376 1359 491 1396 sum,
524 1351 742 1404 accipitur
769 1357 951 1406 propter
984 1353 1252 1406 analogiam,
1281 1353 1391 1406 quia
1416 1365 1528 1406 saepe
1562 1351 1677 1393 talia.

158 1407 395 1445 Occurrunt
414 1404 544 1457 quale
562 1411 628 1447 est
647 1407 842 1451 ἐπιτήδειοι
858 1410 961 1462 ’ἔχειν
980 1412 1032 1451 εἷς
1051 1413 1151 1465 τρεῖς
1169 1413 1311 1458 μῆνας,
1346 1411 1522 1451 ἀτέλειαν
1542 1407 1679 1449 διδόναι

157 1458 211 1500 εἷς
238 1458 330 1501 δέκα
347 1461 434 1510 ἔτη,
456 1464 503 1502 et
535 1463 683 1517 ἀνοχὰς
706 1463 900 1506 ποιεῖσθαι
921 1468 973 1508 εἰς
990 1468 1102 1508 πέντε
1123 1465 1185 1520 (ἓξ
1206 1467 1312 1522 etc.)
1330 1467 1503 1521 ἦμέραςῖ
1534 1477 1680 1518 neque

159 1516 415 1572 quisquam,
445 1518 621 1575 opinor,
651 1521 783 1571 dixit,
812 1525 1173 1579 praepositionem
1211 1525 1261 1567 in
1295 1524 1366 1566 his
1385 1528 1431 1567 et
1454 1523 1681 1567 similibus

160 1586 256 1617 esse
274 1575 477 1619 otiosam.
1504 1588 1505 1591 ’

863 1669 965 1712 ΕΝ.

219 1747 430 1803 Jejunum
449 1754 534 1800 est,
563 1751 680 1805 quod
709 1749 900 1805 Vigerus
920 1752 981 1794 ix.
1009 1752 1055 1801 3,
1094 1752 1160 1795 13.
1197 1752 1320 1805 dicit,
1354 1755 1392 1796 ἐν
1419 1753 1685 1805 redundare‚'

164 1810 197 1832 “
229 1810 280 1848 ut
298 1821 370 1863 ap.
392 1806 673 1863 Xiphilinum
704 1811 750 1852 in
770 1809 988 1864 Trajano:
1019 1810 1085 1852 καὶ
1114 1810 1190 1867 1γσὶρ
1220 1813 1253 1852 οἶ
1273 1809 1430 1867 Πάρθοι
1460 1813 1498 1854 ἐν
1517 1818 1573 1868 τῷ
1592 1822 1684 1867 σφε-

168 1869 199 1910 ‘‚‘
232 1867 328 1921 τέρῳ
366 1867 493 1922 τρόπῳ
525 1865 687 1922 ἤρξαντο
719 1866 1015 1917 βασιλεύεσθαιε
1047 1868 1124 1910 ubi
1160 1870 1196 1910 ἐν
1225 1872 1304 1910 aut
1337 1872 1466 1912 vacat
1499 1875 1578 1912 aut
1596 1883 1684 1925 pro

165 1927 198 1947 “
230 1922 336 1963 κατὰ
354 1937 455 1965 cum
472 1937 563 1966 acc.
584 1926 814 1968 sumitur.”
874 1924 1104 1973 Quomodo
1132 1925 1188 1967 de
1205 1925 1370 1968 talibus
1389 1927 1684 1980 judicandum

167 1979 244 2034 sit,
273 1980 467 2022 diximus
486 1980 601 2035 Isag.
624 1981 675 2039 ξ.
703 1983 766 2025 18.
825 1981 1038 2038 Exempla
1057 1984 1149 2026 haec
1178 1984 1306 2026 habe.
1337 1982 1530 2038 AEschyl.
1559 1985 1685 2028 Pers.

170 2037 271 2080 582.
304 2040 437 2082 τοκῆες
451 2037 486 2079 δ’
503 2038 660 2082 ἄπαιδες
679 2041 851 2097 ’έῤῥανται
872 2043 907 2082 ἐν
940 2040 1106 2098 δάκρυσι.
1164 2040 1392 2083 Eumenid.
1422 2041 1524 2084 444.
1542 2047 1580 2086 ἓν
1598 2045 1686 2100 τρό-

168 2112 252 2138 ποις
267 2093 435 2145 Ἰξίονος.
497 2094 630 2139 Plura
662 2111 717 2140 ex
747 2099 867 2140 omni
889 2100 1153 2154 scriptorum
1180 2111 1340 2152 genere
1374 2100 1511 2142 habet
1546 2100 1681 2144 Hem-

168 2153 358 2195 sterhuS.
376 2153 432 2195 ad
453 2152 638 2197 Luciani
655 2155 761 2197 dial.
779 2160 910 2198 mort.
929 2158 1058 2198 xxiii.
1080 2157 1108 2198 3
1126 2171 1138 2205 ;
1169 2155 1430 2198 Latinorum
1457 2162 1606 2201 autem
1624 2161 1685 2202 si-

170 2211 279 2258 mul,
313 2211 390 2264 qui
424 2216 665 2266 posuerunt
697 2212 746 2255 in
782 2215 1003 2267 similiter,
1043 2214 1288 2256 Salmasius
1320 2215 1377 2256 ad
1412 2212 1598 2260 Tertull.
1629 2216 1685 2260 de

144 2282 151 2289 ‘
162 2266 302 2326 pallio
340 2282 386 2324 p.
425 2269 520 2311 115.
550 2269 835 2314 Hermannus
863 2273 998 2314 etiam
1022 2270 1295 2314 Brunckium
1331 2272 1573 2336 laudatvad
1604 2274 1684 2318 So-

169 2325 338 2381 phoclis
359 2324 466 2368 OEd.
504 2326 561 2369 R.
587 2328 707 2371 1112.
730 2333 775 2372 et
794 2329 1029 2384 Tyrwhitt.
1050 2331 1107 2371 ad
1125 2329 1312 2371 Aristot.
1347 2328 1473 2372 Poet.
1503 2343 1555 2385 p.
1585 2331 1685 2376 120.

171 2382 240 2425 cf.
262 2387 308 2425 et
327 2382 481 2426 Lamb.
504 2384 593 2428 Bos
626 2385 780 2442 Ellips.
798 2387 880 2429 sub
902 2385 1001 2428 EN.
1064 2386 1150 2429 Sed
1172 2389 1312 2433 multa
1330 2386 1546 2443 ejusmodi
1573 2395 1683 2433 nata.

167 2445 278 2496 puto
311 2454 367 2482 ex
401 2442 757 2499 interpolatione.
818 2444 1044 2487 Nonnulla
1081 2446 1270 2500 speciem
1306 2449 1481 2488 tantum
1517 2447 1686 2491 habent

201 2499 430 2547 leonasmi,
458 2513 555 2552 quae
575 2503 747 2545 tollitur
778 2503 1152 2559 interpretatione,
1180 2503 1298 2559 quod
1326 2505 1530 2561 exemplo
1556 2506 1686 2552 docet

169 2512 366 2610 fioogev.
386 2557 442 2598 ad
460 2558 565 2612 Vig.
587 2559 614 2600 l.
636 2561 666 2600 l.

617 2662 686 2707 De
703 2662 777 2707 ΕΞ
799 2663 888 2707 vid.
908 2665 990 2708 sub
1019 2664 1168 2708 ΑΠΟ.

861 2753 988 2798 Em.

229 2825 330 2871 Hoc
349 2829 532 2870 candem
551 2830 642 2871 vim
662 2829 812 2878 habet,
842 2843 977 2884 quam
1007 2833 1072 2874 εἷς.
1106 2829 1319 2877 Herodot.
1346 2834 1408 2879 iv.
1449 2835 1545 2879 198.
1577 2842 1690 2883 extr.

170 2882 336 2934 Ἀγαθῆ
358 2886 396 2928 δὲ
412 2890 465 2936 «γῆ
486 2887 549 2928 καὶ
570 2888 640 2931 τὴν
667 2886 919 2944 Εὐεσπερῖται
939 2889 1127 2939 νέμονταὶι·
1159 2892 1221 2932 ἐπ’
1242 2894 1433 2936 ἑκατοστὰ
1459 2895 1549 2951 γάρ,
1578 2898 1692 2939 ἐπεὰν

174 2943 279 3009 orb-th
299 2947 444 2991 ἑωῦτῆς
464 2943 601 3002 ἄριστα
616 2946 754 3006 ἐνείκῃ,
785 2948 941 3015 ἐκφέςει·
973 2949 999 3000 ἡ
1019 2947 1058 2992 δὲ
1075 2949 1110 2997 ἐν
1131 2953 1184 3007 τῇ
1205 2947 1365 3010 Κίνυπι,
1394 2951 1456 2996 ἐπὶ
1478 2955 1704 3014 remandata?
