1838 3164
170 109 227 153 96
706 122 900 159 ELLIPSIS
922 121 1156 158 N0M1NUM.

173 228 318 279 tamen
345 225 399 268 ad
432 223 596 268 AElianl
623 223 726 271 Var.
764 225 884 268 Hist.
919 224 1103 267 xii.⁷51.
1135 222 1180 263 τὸ
1213 221 1416 265 ἐπιστολὴν
1442 224 1584 267 omitti
1603 237 1691 267 rec-

170 284 258 327 tius
278 284 323 325 in
345 285 593 333 ἐπιστέλλειν,
626 297 754 337 quam
775 285 1019 325 ἀποστέλλειν
1050 281 1220 322 statuit.
1258 278 1387 320 Conf.
1413 279 1611 325 Perizon.
1632 283 1690 324 ad

170 338 334 382 AElian.
356 340 459 383 Var.
482 340 602 384 Hist.
625 343 683 383 iv.
720 340 789 382 18.
846 340 998 383 Plures
1031 340 1148 379 locos
1176 337 1276 378 vide
1297 337 1412 392 apud
1445 337 1686 382 Herodian.

170 398 201 440 i.
239 397 306 447 10,
326 398 365 440 5.
397 400 462 442 iii.
484 399 528 448 5,
558 400 602 442 4.
634 399 701 441 iii.
728 396 796 446 14,
823 397 860 439 1.
891 399 949 439 iv.
969 397 1013 446 3,
1040 395 1085 436 3.
1119 393 1281 437 Matth.
1317 395 1367 438 ii.
1404 393 1472 438 16.
1502 397 1593 440 xiv.
1619 397 1687 441 10.

121 475 123 478 ·
170 453 334 499 LmsN.

678 512 705 538 *ἒ
738 506 1178 552 ΕΠΙΤΗΔΕὙΜΑ.

226 585 463 642 Suppletur
481 599 508 627 a
529 585 756 628 scholiaste
774 581 1039 634 Thucydidis
1060 581 1090 622 i.
1114 580 1210 624 144.
1234 581 1279 624 τὸ
1298 581 1337 625 δὲ
1357 583 1527 626 ναυτικὸν
1545 586 1690 640 τέχνης

167 643 263 685 ἐστι’.
294 644 456 687 scilicet
478 642 711 691 ἐπιτήδευμα
731 640 755 685 ἢ
776 642 963 695 πρᾶγμα.
995 636 1045 679 F.
1069 638 1147 680 ST.

670 713 853 762 ΕΠΟΣ,
897 710 1171 756 VERBUM.

219 794 401 838 Ὀνείδιον
423 795 531 850 [imo
551 793 723 835 ὀνείδειον.
756 789 984 845 Sonam]
1015 791 1208 833 absolute
1243 793 1459 847 reperitur
1490 807 1570 849 pro
1597 795 1687 836 ὄνεί-

167 853 237 894 διον
256 854 358 896 ἔπος.
415 851 612 894 Ὀνειδίοις
642 848 854 906 [ὀνειδείοις]
887 860 948 890 Sc.
970 848 1088 891 ἐ’πεσι.
1149 848 1223 893 Sic
1243 853 1464 906 μειλιχίοισι
1486 865 1546 894 SC.
1568 853 1686 894 ἔπεσι.

167 909 382 961 Homerus
401 909 524 951 Iliad.
548 908 597 950 P.
619 923 660 950 v.
682 906 781 948 431.
1426 907 1429 909 ’

337 967 485 1010 Πολλοὶ
504 966 542 1008 δὲ
561 966 780 1018 μειλιχίοισι
798 962 1009 1019 προσηύδα.

336 1025 454 1081 Saepe
473 1023 642 1065 blandis
662 1021 846 1077 (verbis)
866 1020 1112 1077 alloquutus
1131 1027 1205 1065 est.

164 1082 344 1124 Addidit
364 1084 476 1123 idem
497 1082 578 1123 hoc
599 1080 652 1123 K.
676 1093 717 1121 v.
739 1077 838 1120 542.

334 1138 462 1194 Δεξιῇ
481 1138 710 1192 ἠσπάζοντο,
732 1138 862 1178 ἐ’πεσσί
880 1154 922 1178 τε
943 1137 1179 1190 μειλιχίοισι.

163 1195 365 1252 Elliptice
383 1209 526 1238 rursus
545 1195 806 1250 Apollonius
827 1195 893 1236 iii.
913 1194 988 1236 31.

336 1252 422 1294 Καί
435 1271 498 1302 μιν
518 1254 634 1294 ’ἔπειτ’
656 1251 806 1302 ἐξαῦτις
826 1254 1010 1302 ἀμείβετο
1029 1254 1265 1307 μειλιχίοισι.

163 1311 236 1354 Sic
254 1311 301 1352 in
321 1312 558 1360 αἷμυλίοισιν,
577 1310 695 1365 apud
713 1310 894 1352 eundem
914 1310 959 1352 ii.
983 1308 1054 1351 51.

332 1367 431 1410 Τοῖα
451 1368 488 1409 δὲ
506 1368 703 1417 μειδιόωσα
721 1370 961 1423 προσέννεπεν
983 1369 1222 1425 αἱμυλίοισιν.

164 1424 379 1468 Homerus
398 1425 521 1467 Iliad.
545 1426 599 1467 A.
620 1439 660 1467 v.
681 1425 781 1475 539.
820 1423 822 1426 ’

333 1483 491 1525 Αὐτίκα
509 1485 731 1539 κερτομίοισι
752 1481 839 1524 Δία
868 1480 1060 1539 Κρονίωνα
1078 1481 1292 1540 προσηύδα.

163 1540 275 1583 Iliad
297 1541 359 1583 Δ.
377 1555 417 1583 v.
439 1541 538 1583 256.

333 1599 490 1641 Αὐτίκα
508 1599 541 1639 δ’
557 1598 762 1646 Ἰδομενῆα
780 1596 978 1654 προσηύδα
997 1597 1219 1652 μειλιχίοισι
1230 1602 1258 1639 ⁸.

392 1657 416 1684 *
446 1656 575 1701 Plene
591 1657 754 1698 ibidem
771 1671 813 1698 v.
834 1655 935 1699 241.

332 1711 434 1756 Τοὺς
451 1717 566 1763 μα’λα
586 1716 773 1756 νεικείεσκε
795 1717 1021 1768 χολωτοῖσιν
1042 1715 1220 1754 ἐπέεσσιν.

163 1769 292 1812 Conf.
313 1770 368 1812 O.
391 1785 432 1813 v.
455 1772 555 1813 210.
586 1779 616 1797 ‘⁶
636 1772 796 1814 Anacr.
818 1772 938 1813 odar.
958 1771 1052 1812 viii.
1076 1770 1118 1812 9.
1152 1768 1383 1818 Δακέθυμοέ
1410 1786 1474 1818 μοι
1492 1771 1682 1819 λέγοντες·

161 1830 238 1873 sed
273 1828 480 1871 Herodot.
500 1831 529 1871 i.
557 1829 652 1871 129.
683 1831 817 1878 dixit,
857 1829 921 1869 καὶ
955 1827 1063 1870 ἄλλα
1097 1829 1223 1877 λείγων,
1253 1829 1290 1868 ἐς
1320 1827 1435 1870 αὐτὸν
1471 1825 1684 1877 θυμαλγέα

161 1886 300 1929 ἐ’πεα.”
329 1885 523 1929 Fischer.
546 1888 603 1928 ad
616 1885 795 1929 Weller.
816 1887 883 1927 iii.
910 1886 947 1927 1.
977 1899 1021 1940 p.
1040 1884 1140 1926 256.
1174 1885 1375 1926 SGHAEF.

218 1944 243 1970 ’κ
274 1943 346 1984 Sic
365 1946 500 1986 etiam
529 1946 573 1985 in
610 1943 839 1994 ἀμείβεσθαι
873 1947 917 1985 et
951 1941 1239 1991 ἀπαμείβεσθαι
1268 1943 1471 1984 absolute
1508 1943 1683 1997 positis.

162 1998 289 2042 Plene
311 1999 526 2043 Homerus
546 2001 700 2056 Odyss.
725 2002 786 2043 Δ.
809 2015 850 2043 v.
872 1999 973 2042 286.
1006 1998 1256 2049 ἀμείψασθαι
1288 2002 1464 2042 ἐπέεσσιν.
1495 1998 1607 2042 Item
1637 2002 1685 2042 in

164 2061 275 2107 τοῖον,
295 2062 413 2107 ποῖον,
440 2058 510 2100 οἷον
530 2061 643 2113 apud
665 2059 922 2107 Homerum,
945 2059 990 2098 in
1004 2058 1161 2110 quibus
1182 2058 1318 2099 etiam
1331 2055 1458 2106 μῦθος
1475 2057 1592 2099 idem
1608 2071 1686 2100 sae-

161 2116 262 2169 pius
277 2117 499 2170 exprimit.
516 2115 571 2157 V.
594 2116 753 2159 MvSos.
766 2115 901 2163 '‘Ewn,
921 2114 1131 2163 carmina,
1150 2116 1194 2156 in
1210 2116 1397 2170 ἐρωτύλα.
1421 2113 1535 2156 Bion
1551 2129 1593 2156 v.
1615 2115 1684 2168 10,

168 2172 233 2214 13.
266 2172 458 2215 carmina
477 2173 702 2215 amatoria.
762 2172 813 2214 In
848 2173 1047 2228 κερδαλέα.
1086 2173 1291 2226 Aponon.
1322 2171 1487 2225 Argon.
1517 2173 1595 2214 lib.
1619 2171 1682 2214 iii.

162 2228 262 2270 426.
322 2229 373 2271 In
395 2229 593 2278 Κοκλικοὶ,
618 2230 793 2287 Κύπρια,
821 2229 1028 2279 Ἰαμβεῖα,
1064 2232 1267 2282 aliisque.
1328 2228 1490 2270 Eadem
1524 2229 1683 2284 Ellipsi

162 2287 356 2339 gaudent
389 2301 558 2340 quoque
588 2287 748 2331 Latini.
779 2287 1010 2330 Terentius
1043 2287 1182 2328 Andr.
1204 2287 1350 2328 Aeni.
1373 2299 1433 2338 sc.
1457 2287 1488 2328 i.
1520 2300 1612 2329 ver.
1637 2286 1682 2328 2.

162 2342 405 2391 Amatam,-
430 2345 588 2400 paucz's
610 2352 648 2387 te
667 2346 778 2387 volo.
814 2344 967 2387 Cicero
989 2345 1043 2386 ad
1065 2345 1153 2385 div.
1177 2345 1253 2385 lib.
1276 2345 1334 2385 vi.
1357 2358 1426 2398 ep.
1451 2343 1493 2386 7.
1536 2343 1684 2386 Multa

162 2399 276 2442 Deos
294 2403 497 2444 venerati.
557 2402 676 2445 Idem
694 2404 770 2445 lib.
788 2404 850 2444 xi.
882 2417 953 2459 ep.
981 2401 1047 2445 16.
1090 2400 1191 2444 Non
1221 2400 1367 2444 tenebo
1400 2406 1441 2443 te
1467 2401 1681 2459 pluribus.

162 2459 375 2501 scnwm.
435 2497 441 2500 ’
498 2515 526 2542 *⁶-
556 2515 1004 2569 ΕΡΓΑΣΤΗΡΙΟΝ,
1038 2490 1337 2560 OFFJC‘JNA'.

218 2590 445 2645 Aristoph.
478 2588 658 2644 Lysistr.
688 2589 788 2632 408.
823 2594 857 2632 ἐν
889 2595 966 2631 τῶν
1001 2590 1250 2648 δημιουργῶν.
1282 2591 1313 2632 i.
1336 2604 1375 2632 e.
1406 2588 1456 2632 in
1484 2588 1684 2646 opificum

161 2647 415 2703 (officinis):
447 2648 749 2690 subintellecta
784 2662 887 2690 voce
926 2651 1196 2706 ἐργαστηρίοις.
1257 2647 1327 2690 Ita
1357 2646 1550 2691 Ἐκκλνισ.
1579 2646 1683 2689 420.

161 2709 199 2747 ἐς
231 2710 304 2747 τῶν
339 2705 597 2754 σκυτοδεψῶν.
638 2719 697 2746 sc.
742 2707 983 2761 ἐργαστῆοια.
1020 2706 1186 2751 LEISN.
1260 2705 1365 2757 Vid.
1404 2704 1577 2749 Kuster.
1628 2705 1685 2747 ad

160 2763 346 2818 Lysistr.
363 2777 405 2808 v.
428 2777 464 2805 c.
496 2762 698 2805 ScuAEr.
913 2758 919 2765 '

202 2898 214 2915 ¹
233 2895 333 2948 fxpud
356 2894 537 2937 Polybium
560 2905 650 2937 saepe
672 2895 818 2928 occurrit
838 2893 885 2928 διὰ
951 2896 1062 2938 xillum,
1085 2908 1132 2930 sc.
1150 2896 1248 2929 ἰαέων.
1270 2895 1383 2932 Latini
1398 2895 1580 2931 similiter.
1597 2895 1684 2931 mnd-

159 2945 219 2971 πλε
221 2953 291 2971 aaaaa
316 2938 494 2973 ποιήσασθαι
518 2939 640 2982 μνήμην,
664 2939 715 2972 καὶ
740 2937 785 2972 διὰ
810 2943 885 2984 βςα-
950 2944 1001 2980 tis,
1017 2944 1144 2984 paucis.
1166 2941 1296 2975 Lmsu.
