1838 3164
214 148 292 194 192
583 157 658 197 DE
687 153 893 197 ELLIPSI
923 156 992 197 ET
1019 153 1355 198 PLEONASMO

207 267 325 308 enim
345 265 459 309 αὐτὸς
489 267 535 309 in
568 267 686 312 hisce
718 270 1048 325 pronominibus
1077 271 1360 326 praedicatum
1393 269 1557 318 fuerat,
1587 270 1706 323 quod

206 324 378 373 deinde,
406 329 639 368 extenuata
673 329 988 382 significatione
1022 333 1065 370 et
1091 341 1267 383 prorsus
1303 328 1358 368 ad
1392 328 1578 369 nihilum
1610 329 1704 370 red-

205 386 322 429 acta,
341 384 587 437 pronomini
608 381 694 439 ipsi
722 386 1053 439 adjungebatur.
1113 385 1185 428 Sic
1213 386 1407 440 plerique
1436 398 1599 434 omnes,
1629 386 1704 438 qui

205 451 303 480 vere
324 446 425 482 sunt
454 443 712 496 pleonasmi,
744 444 787 483 in
808 444 1052 497 praedicatis
1071 445 1329 494 consistunt,
1362 443 1634 495 maximeque
1655 443 1702 484 in

204 499 494 547 tenuioribus,
525 500 639 551 quod
661 514 796 554 genus
816 501 1061 542 continetur
1089 502 1333 554 particulis.
1393 498 1617 552 Ejusmodi
1639 503 1706 541 est

204 552 303 596 ἠῶθι
333 555 425 610 πρὸ,
459 558 553 597 sine
585 558 853 610 pleonasmo,
889 562 939 599 ut
966 559 1152 607 videtur,
1194 559 1358 599 dictum
1385 555 1514 599 Iliad.
1544 557 1599 598 A.
1630 557 1701 599 50.

204 608 359 664 Odyss.
381 611 427 654 E.
449 612 548 656 469.
580 616 656 655 sed
684 615 935 656 abundante
970 616 1186 669 particula
1219 614 1372 669 Odyss.
1403 614 1456 655 A.
1489 613 1559 656 36.
1577 613 1699 655 Ἀλλ’

204 666 286 715 ἄγ’,
309 671 504 726 ἐπότρυνον
532 675 686 727 πατέρα
720 671 874 720 κλυτὸν,
905 672 1003 715 ’ἠῶθι
1033 672 1108 728 πρὸ
1134 673 1305 720 ’ἡμιόνους
1336 670 1400 713 καὶ
1437 670 1591 722 ἄμαξαν
1621 673 1704 725 ἐφο-

202 726 352 767 πλίσαι.
421 729 626 782 Ejusdem
658 730 830 782 generis
860 734 963 771 sunt
998 731 1132 772 etiam
1165 729 1300 782 ’ἔξοχος
1335 728 1464 770 ἄλλων
1495 734 1540 771 et
1569 728 1701 784 κηρόθι

200 784 370 832 μᾶλλον,
399 785 452 826 de
486 788 644 838 quibus
672 788 872 828 formulis
907 787 999 828 dixi
1030 787 1085 828 ad
1119 785 1251 828 Hom.
1289 787 1432 840 hymn.
1465 786 1563 829 Cer.
1600 786 1701 829 362.

201 838 287 880 Sed
305 844 354 882 ut
385 843 564 884 alterius
582 857 752 897 quoque
780 845 952 897 generis
983 845 1182 898 exempla
1218 844 1454 898 proferam,
1484 844 1600 898 quod
1634 848 1700 885 est

200 896 245 936 in
265 898 494 941 iteratione
513 902 707 953 ejusdem
728 904 935 950 notionis,
965 904 1064 955 quis
1086 915 1172 943 non
1194 903 1301 943 trita
1323 902 1415 948 illa,
1442 903 1563 943 πάλιν
1588 899 1700 942 αὖθις

199 958 244 995 et
271 953 332 994 ὅθ’
361 957 505 1005 οὕνεκα,
528 959 805 1000 meminerit?
835 958 948 1000 Tale
979 964 1046 1001 est
1080 961 1215 1001 etiam
1252 957 1295 999 ἄν
1330 975 1388 1000 κεν
1409 962 1454 1000 et
1473 960 1534 1000 κὲν
1556 957 1616 1006 ἂν,
1646 958 1701 999 de

198 1013 357 1062 quibus
377 1016 602 1066 particulis
622 1018 868 1070 expositum
888 1021 953 1058 est
986 1018 1040 1059 ad
1075 1016 1298 1071 Orpheum
1327 1017 1379 1057 de
1413 1017 1630 1074 lapidibus
1659 1029 1701 1057 v.

196 1066 296 1109 247.
356 1068 519 1112 Eodem
539 1074 790 1126 pleonasmo
809 1077 857 1115 ὡς
887 1074 947 1114 οἷοι
971 1075 1148 1123 dicitur,
1180 1075 1304 1127 cujus
1339 1074 1539 1114 fon-mulae
1558 1085 1700 1128 pauca

196 1129 393 1181 exempla
429 1131 578 1171 attulit
616 1130 789 1173 Bastius
817 1133 863 1172 in
896 1133 1080 1186 epistola
1104 1132 1254 1173 critica
1287 1131 1343 1171 ad
1379 1129 1698 1172 Boissonadum

195 1195 239 1236 p.
262 1182 332 1225 43.
365 1188 577 1236 consulto,
611 1194 658 1230 ut
693 1191 866 1244 opinor,
900 1202 985 1231 non
1006 1190 1173 1231 faciens
1207 1201 1341 1242 quum
1366 1189 1570 1236 aliorum,
1602 1193 1698 1229 tum

101 1233 416 1284 20lEustathii
439 1247 719 1294 mentionem,
750 1249 826 1300 qui
847 1248 939 1288 haec
969 1248 1203 1301 saepissime
1238 1246 1481 1299 conjungit.
1523 1245 1606 1288 ·Ac
1635 1246 1698 1286 vi-

194 1298 350 1340 dentur
370 1302 478 1342 mihi
498 1304 649 1344 eodem
683 1305 910 1346 referenda
930 1318 1021 1346 esse
1055 1304 1145 1345 haec
1166 1302 1405 1358 Euripidis,
1437 1303 1484 1343 in
1515 1301 1700 1344 Hecuba

194 1369 235 1396 V.
258 1355 358 1398 402.
388 1357 541 1400 ‘Omra
562 1360 683 1402 κισσὸς
703 1361 806 1417 δρυὸς
842 1363 942 1402 ὅπως
971 1361 1080 1405 τῆσδ’
1109 1361 1254 1410 ἕξομαι,
1286 1362 1395 1402 etin
1423 1358 1582 1405 Troad.
1608 1359 1702 1401 147.

196 1412 349 1469 Μάτηρ
370 1415 405 1454 δ’
434 1417 483 1458 ὥς
498 1433 554 1458 τις
571 1423 732 1459 πτανοῖς
750 1417 1107 1474 κλαγγαν”()ρνισιν
1127 1419 1227 1458 ὅπως
1245 1415 1386 1471 ἐξάρξω
1407 1417 1476 1465 ’γὼ
1505 1415 1696 1457 Μολπαέν.

196 1468 363 1512 Vereor
381 1474 497 1513 enim
518 1488 571 1515 ne
591 1488 677 1515 non
703 1476 842 1529 possit
875 1489 973 1516 cum
1014 1474 1206 1515 Porsono
1226 1474 1281 1514 ad
1317 1472 1509 1515 Hecubae
1529 1487 1698 1515 versum

195 1527 242 1568 in
266 1528 333 1569 his
353 1529 460 1570 locis
479 1531 579 1572 ὅπως
611 1545 712 1573 cum
747 1531 876 1581 ἕξομαι
907 1538 952 1573 et
984 1530 1125 1587 ἐξάρξω
1156 1533 1362 1573 construi.
1424 1526 1561 1589 Quod
1581 1536 1630 1572 ut
1651 1533 1699 1572 in

195 1583 501 1639 Aristophanis
516 1592 648 1642 atque
669 1589 934 1643 Antiphanis
953 1590 1165 1636 versibus,
1187 1601 1298 1642 quos
1327 1588 1473 1634 affert,
1505 1588 1597 1628 fieri
1627 1588 1700 1629 de-

194 1642 314 1690 beat,
345 1645 503 1696 quibus
534 1647 634 1686 addi
664 1651 842 1699 poterat
876 1648 957 1687 hoc
990 1644 1178 1698 AEschyli
1214 1646 1260 1685 in
1282 1644 1696 1697 --Agamemnone-v.

196 1697 292 1740 609.
324 1701 409 1741 nisi
432 1702 475 1742 id
495 1703 625 1744 aliter
647 1703 978 1756 intelligendum
1000 1708 1082 1751 est,
1106 1701 1253 1743 ’Ὀπως
1287 1702 1319 1741 δ’
1353 1699 1491 1757 ἄριστα
1522 1701 1583 1743 τὸν
1611 1701 1700 1750 ἐμὸν

195 1756 327 1798 αἰδοῖον
347 1759 455 1799 πόσιν
476 1759 636 1800 §lv-tabaco
656 1762 777 1800 πάλιν
796 1762 967 1808 μολόντα
997 1758 1200 1809 δέξασθαι,
1231 1759 1321 1800 alia
1349 1763 1500 1801 tamen
1531 1763 1596 1800 est
1627 1760 1702 1800 ho-

194 1827 290 1854 rum
331 1815 540 1864 locorum,
582 1830 711 1872 quam
751 1816 1087 1872 Euripideorum
1126 1818 1256 1864 ratio,
1297 1818 1343 1858 in
1380 1817 1542 1870 quibus
1592 1817 1700 1857 illud

194 1871 309 1919 ὅπως,
339 1874 454 1925 quod
488 1879 625 1916 semet
655 1876 801 1929 ipsum
833 1876 1050 1916 monentis
1083 1879 1166 1922 est,
1202 1887 1288 1915 non
1322 1875 1495 1915 videtur
1521 1872 1699 1914 admitti

193 1939 338 1981 posse,
358 1932 465 1983 quia
485 1933 530 1974 in
549 1933 618 1973 his
637 1933 827 1987 simplex
847 1933 962 1975 inest
981 1934 1095 1985 ejus,
1117 1932 1234 1986 quod
1266 1933 1365 1985 quis
1391 1932 1589 1972 facturus
1623 1931 1698 1980 sit,

193 1986 437 2028 affirmatio.

253 2042 588 2098 Praepositiones
609 2047 705 2088 duae
739 2047 855 2087 idem
876 2047 1172 2100 significantes
1189 2058 1325 2099 quum
1358 2046 1700 2101 conJunguntur,

194 2099 287 2140 fere
309 2114 479 2157 semper
498 2105 638 2146 altera
659 2118 810 2146 earum
830 2105 1086 2145 adverbium
1107 2108 1190 2151 est,
1225 2107 1274 2144 ut
1307 2103 1408 2156 ἀμφὶ
1439 2102 1527 2158 περὶ
1549 2100 1700 2157 κρήνην,

194 2158 331 2198 πολλοὶ
362 2160 444 2215 περὶ
484 2163 618 2215 ῥόπαλ’
651 2162 772 2215 ἅμφῖς
807 2163 920 2211 ἐάγη,
963 2162 1082 2214 νόσφιν
1122 2159 1260 2215 ἄτερθε
1294 2164 1434 2206 κακῶν,
1465 2161 1701 2201 νυκτιπόλοις

196 2213 281 2262 ἅμα
303 2214 364 2256 σὺν
384 2216 579 2271 Βάκχαις,
602 2219 637 2260 ἓν
664 2219 702 2259 δὲ
723 2219 785 2259 καὶ
820 2221 854 2260 ἐν
891 2217 1051 2271 Μέμφι·
1114 2217 1215 2259 Non
1250 2222 1317 2259 est
1351 2222 1497 2258 tamen
1528 2229 1696 2264 verum,

194 2273 310 2323 quod
331 2272 593 2323 Boeckhius‚
615 2277 679 2317 vir
698 2277 915 2331 praeclarae
951 2276 1226 2323 eruditionis,
1257 2276 1303 2315 in
1333 2274 1699 2316 commentatione

195 2328 249 2369 de
270 2328 495 2373 Platonico
517 2332 667 2374 Minoe
687 2347 733 2388 p.
762 2332 856 2374 197.
878 2333 1114 2378 contendit,
1133 2333 1240 2373 duas
1261 2333 1590 2386 praepositiones
1620 2332 1698 2379 sic,

104 2379 246 2426 202ut
266 2387 402 2428 altera
418 2402 504 2430 non
525 2391 583 2431 sit
602 2392 870 2438 adverbium,
892 2402 1105 2442 nusquam
1122 2390 1267 2442 jungi,
1304 2394 1348 2430 et
1369 2389 1552 2443 proinde
1582 2389 1699 2442 apud

197 2441 415 2486 Platonem
449 2448 500 2487 de
532 2448 646 2501 legg.
681 2449 747 2488 iii.
777 2462 821 2502 p.
857 2446 953 2488 701.
986 2447 1039 2489 D.
1076 2448 1172 2487 τίνος
1205 2446 1251 2489 δὴ
1282 2448 1396 2500 χάριν
1428 2445 1701 2503 ‘s'vsuabaltera

196 2504 296 2541 utra
316 2505 624 2558 praepositione
659 2507 799 2557 ejecta
833 2505 1105 2546 scribendum
1139 2517 1248 2545 esse.
1308 2503 1409 2545 Non
1435 2503 1696 2546 recordaba-

195 2561 268 2598 tur
285 2561 351 2599 vir
370 2560 647 2603 doctissimus
677 2563 786 2603 illud
807 2575 833 2602 a
856 2562 1105 2615 Thucydide
1136 2566 1180 2602 et
1199 2560 1485 2615 Xenophonte
1514 2573 1698 2614 usurpa-

195 2617 307 2663 tum>
329 2617 404 2656 ἀπὸ
423 2622 515 2665 βοῆς
545 2619 675 2667 ἕνεκεν,
709 2620 762 2659 de
790 2633 876 2672 quo
907 2621 1019 2661 dixit
1046 2617 1408 2673 Wyttenbachius
1444 2618 1499 2659 ad
1528 2619 1699 2671 eclogas

196 2671 426 2714 historicas
462 2688 506 2729 p.
544 2675 642 2717 414.
719 2676 873 2730 Neque
906 2677 997 2717 haec
1024 2676 1156 2717 unica
1186 2679 1288 2717 sunt
1321 2676 1424 2716 talis
1454 2674 1698 2730 ¹pleonasmi

196 2731 410 2784 exempla.
471 2732 706 2787 Sophocles
724 2732 773 2774 'in
793 2733 1042 2775 Trachiniis
1062 2747 1102 2774 v.
1130 2732 1250 2774 1160.
1286 2732 1393 2787 Πρὸς
1422 2738 1496 2773 τῶν
1515 2732 1700 2773 πνεόντων

195 2786 353 2835 μηδενὸς
384 2786 507 2829 θανεῖν
539 2791 624 2831 ὕπο.
684 2789 804 2831 Idem
840 2791 887 2831 in
918 2790 1162 2832 Philocteta
1198 2803 1238 2831 v.
1259 2789 1356 2831 554.
1381 2787 1441 2829 *A
1461 2792 1572 2830 τοῖσιν
1604 2787 1700 2842 Ἀρ-

194 2846 338 2892 ’γείοισιν
372 2846 475 2898 ἀμφί
514 2849 543 2886 σ’
587 2848 715 2888 οὕνεκα
759 2847 1002 2895 Βουλεύματ’
1035 2849 1126 2888 ἐστι’.
1204 2845 1430 2901 Euripides
1469 2847 1515 2886 in
1552 2843 1698 2900 Iphig.

194 2899 325 2943 Taur-
352 2901 472 2944 1138·
503 2901 572 2943 Εἲς
603 2903 822 2948 Ἀθηναίων
854 2905 914 2946 ἐπὶ
950 2907 1036 2953 γᾶν.
1098 2902 1206 2952 Quae
1235 2906 1343 2958 Jam,
1369 2903 1539 2958 opinor,
1570 2915 1700 2944 nemo

194 2961 355 3003 temere
373 2960 550 3003 audebit
567 2964 752 3004 tentare.
810 2961 862 3005 In
893 2961 1118 3017 Euripidis
1152 2962 1333 3016 quidem
1362 2973 1503 3011 versu,
1532 2964 1584 3003 ut
1617 2961 1700 3003 hoc
