1838 3164
251 24 313 90 ‘14
866 55 1171 106 isAcer.
1218 35 1229 40 χ

251 164 385 229 cetur.
403 161 519 225 idea,
552 164 775 211 scribenti
814 175 934 213 certe
962 172 1104 224 eidem
1131 173 1178 220 et
1212 168 1426 232 scriptum
1453 179 1586 228 suum
1620 170 1773 224 cogni-

251 222 364 261 nom
405 225 450 262 et
488 222 657 276 judicio
700 227 889 271 aliorum
926 231 1216 274 commissura
1244 226 1291 269 id
1316 223 1518 270 ”accidere
1543 226 1772 283 nunquam

250 280 419 347 potest,
466 281 576 335 quin
623 286 775 327 statim
824 284 959 337 illud,
1004 289 1043 330 si
1091 286 1469 334 animadverterit,
1527 281 1776 346 expungat.'

251 333 421 390 Quodsi
458 350 546 380 non
584 342 963 399 animadverterit,
1009 359 1089 388 nos
1119 344 1236 388 'illud
1267 343 1536 398 corrigamus
1565 345 1671 387 lic‘et
1697 357 1770 399 eo,

246 406 338 451 quo
366 395 462 452 ipse
501 397 665 453 corrigi
699 405 954 458 pateretur,
974 405 1131 447 modo:
1180 407 1274 454 aut,
1301 401 1529 459 (quoniam
1562 401 1618 444 de
1654 402 1771 446 anti-

245 463 435 518 ἕψοι-ατη
454 456 632 511 scriptis
651 458 891 515 loquimur,
921 464 968 506 et
998 461 1054 504 de
1082 463 1238 517 lingua
1265 460 1393 503 nobis
1412 471 1503 503 non
1522 460 1631 520 satis
1657 471 1769 519 cog-

245 513 355 562 mta,
384 517 434 554 ut
467 518 598 556 caute
633 519 678 558 et
716 518 922 574 religiose
959 520 1088 563 nobis
1131 519 1349 580 agendum
1383 519 1462 574 sit)
1511 532 1584 561 mo
1611 520 1768 565 'eamus

245 568 421 635 saltem,
451 570 594 614 invito
612 577 784 620 auctori
819 577 930 619 illud
964 577 1178 622 excidisse
1209 582 1256 621 et
1289 576 1526 620 sedulitate
1561 570 1768 644 ligrarios

241 637 342 674 rum
373 632 596 694 sergatum
623 632 778 676 videri.
836 632 1012 677 Fur10si
1049 638 1169 679 enim
1205 640 1321 679 esset
1355 636 1516 684 dicere,
1546 625 1668 680 iliud<
1687 633 1769 684 ele-

238 687 400 739 ganter
427 688 662 751 ffzeovdgew.
719 689 786 733 Ex
831 691 1043 745 hactenus
1090 695 1222 738 dictis
1265 694 1402 736 etiam
1450 693 1667 746 sequitur,
1695 701 1765 746 ea,

238 752 338 805 quae
382 741 515 811 simili
556 748 728 790 ratione
771 753 971 806 παρέλκειν
1017 751 1239 803 dicantur,
1282 752 1526 809 plurimum
1557 751 1676 793 inter
1714 763 1765 792 se

237 811 366 867 posse
406 803 596 847 differre.
655 804 979 851 Valckenarius
1021 808 1079 852 ad
1122 808 1466 866 Eurip.·Phoen.
1517 807 1616 851 722.
1646 809 1765 850 inter

237 858 355 900 aha:
388 863 419 885 ‘⁶
441 865 593 908 Utrum
625 863 799 912 dicatur
830 867 916 920 ’ἔχει
946 868 1115 924 περαίνεις
1144 882 1203 912 an
1221 867 1320 917 ἐστὶ,
1349 868 1417 909 vel
1449 869 1557 923 κυρεῖ
1580 866 1649 908 vel
1668 882 1766 915 τον,-

237 920 270 940 “
301 917 413 983 χοξνει
430 919 612 985 ἕπεροίνας,
642 923 750 965 nihil
772 924 1000 967 interest.”
1059 926 1144 970 His
1164 926 1310 969 verbis
1330 925 1406 967 ille
1432 928 1608 978 tantum
1627 923 1762 978 signi-

237 974 397 1039 ficavit,
426 989 474 1018 ln
492 980 699 1027 omnibus
719 982 789 1025 his
808 984 1016 1038 loquendi
1037 985 1191 1027 formis
1219 986 1301 1026 hoc
1322 985 1481 1037 inesse,
1501 990 1592 1037 rem
1610 980 1666 1024 ab
1690 980 1762 1024 Ιιο-

233 1044 352 1077 mme
370 1048 458 1096 esse
484 1033 726 1095 perfectam
744 1041 836 1083 sive
856 1040 1107 1085 absolutam.
1168 1042 1255 1085 Sed
1282 1050 1389 1085 cum⁴
1401 1053 1482 1096 per
1502 1036 1551 1082 se=
1564 1034 1660 1084 1⁴11ae
1679 1039 1763 1081 ali-

233 1095 450 1159 quantum
468 1093 695 1148 differunt,
725 1103 822 1153 tum
843 1101 935 1144 suis
964 1101 1089 1150 locis,
1119 1104 1300 1157 propter
1320 1097 1442 1142 ideas
1462 1092 1618 1152 socias,
1647 1109 1759 1155 quas

233 1150 428 1210 diversas
447 1154 658 1210 excitant,
692 1158 749 1199 ab
774 1158 1032 1201 auctoribus
1065 1173 1166 1203 cum
1193 1158 1367 1216 ‘judicio
1397 1160 1443 1199 et
1462 1157 1633 1198 delectu
1655 1158 1760 1198 sunt

230 1220 368 1267 usurp
399 1214 468 1257 tae.
1826 1222 1827 1227 ’

289 1270 328 1324 ἓ·
350 1224 414 1322 ll}-
433 1270 538 1316 Jam
558 1285 692 1327 supra
710 1275 875 1327 monui,
890 1275 1206 1328 grammaticos
1226 1274 1281 1316 de
1299 1266 1757 1331 pleonasmis-Graecis

230 1328 394 1370 rectius
413 1329 552 1371 videri
587 1331 766 1380 sentire,
798 1345 932 1386 quam
966 1333 1105 1386 loqui.
1164 1333 1302 1374 Lectu
1337 1332 1472 1383 digna
1506 1333 1622 1381 sunt,
1660 1341 1757 1382 quae

231 1382 505 1439 Hoogeveen
521 1388 633 1430 hanc
651 1389 697 1429 in
718 1403 812 1437 rem
834 1391 889 1432 ad
910 1388 1013 1444 Vig.
1034 1391 1089 1432 de
1119 1388 1363 1432 Idiotismis
1385 1386 1462 1430 Gr.
1493 1387 1537 1429 d.
1555 1387 1616 1435 vi.
1644 1386 1689 1434 2,
1710 1385 1754 1428 ’1.

228 1443 416 1495 addidit.
439 1444 572 1487 Salvo
591 1459 717 1488 sensu
733 1449 901 1502 aliquid
920 1448 1073 1491 abesse
1091 1461 1238 1503 posse,
1256 1447 1332 1488 sed
1351 1450 1502 1488 tamen
1518 1445 1634 1493 idem
1645 1444 1755 1491 illud

228 1501 453 1554 eleganter
473 1503 591 1556 addi,
611 1504 775 1550 dicunt.
838 1504 937 1547 Hoc
956 1520 1061 1560 ergo
1082 1506 1276 1548 maxime
1299 1507 1499 1560 peccant,
1519 1501 1640 1559 quod
1660 1502 1753 1542 fere

225 1572 362 1601 unam
381 1559 644 1617 elegantiam
663 1575 747 1618 pro
777 1576 912 1606 causa
931 1565 1179 1618 pleonasmi
1213 1563 1396 1610 habent,
1425 1573 1568 1615 neque
1600 1563 1752 1601 tamen

225 1616 356 1671 huJus
389 1619 622 1672 elegantiae
654 1625 857 1662 naturam
890 1621 1128 1663 declarant.
1174 1618 1333 1667 vAliter
1371 1620 1502 1661 nobis
1532 1617 1751 1671 agendum

225 1679 309 1724 est,
326 1678 692 1729 quemadmodum
712 1682 756 1720 et
777 1678 1043 1732 Hoogeveen
1063 1680 1227 1733 aliique
1246 1678 1393 1720 facere
1415 1679 1660 1732 coeperunt,
1682 1688 1750 1717 ac-

223 1736 510 1788 curatiusque
550 1737 958 1790 demonstrandum,
999 1751 1024 1779 e
1064 1734 1228 1791 quibus
1266 1735 1467 1778 fontibus
1497 1733 1750 1791 *pleonasmi

222 1790 477 1834 Graecorum
499 1793 731 1835 ducantur.

284 1850 322 1905 ξ.
360 1849 424 1893 14.
458 1851 631 1893 Primus
665 1853 766 1893 fons
798 1851 927 1894 nobis
958 1856 1054 1895 esto
1082 1849 1359 1897 subtilitatis,
1389 1847 1603 1904 quoniam
1637 1847 1751 1890 hanc

224 1907 270 1948 in
292 1909 545 1958 definitione
578 1910 615 1965 ξ.
645 1910 686 1950 3.
719 1910 863 1963 primo
893 1910 989 1951 loco
1018 1910 1261 1966 posuimus.
1322 1907 1431 1950 Haec
1465 1911 1516 1950 ut
1544 1912 1642 1957 'non
1676 1907 1750 1948 de-

222 1965 507 2016 sideraretur,
530 1965 674 2008 Graeci
697 1968 752 2008 ad
779 1968 968 2020 justum,
1004 1968 1081 2021 qui
1113 1968 1250 2009 videri
1270 1969 1427 2021 possit,
1455 1964 1633 2010 modum
1653 1978 1748 2007 ver-

219 2021 393 2076 borum,
430 2027 568 2070 multa
607 2026 827 2067 addebant
863 2027 908 2067 in
944 2026 1135 2080 speciem
1164 2036 1506 2081 supervacanea.
1565 2020 1746 2077 Estlau÷

217 2083 308 2123 tem
329 2084 556 2125 sententiae
577 2084 800 2126 subtilitas
819 2084 865 2124 in
886 2098 952 2132 eo,
982 2089 1032 2126 ut
1052 2084 1164 2125 nihil
1184 2084 1349 2124 falsum
1384 2095 1447 2131 re,
1487 2080 1746 2135 ambiguum

215 2140 363 2183 verbis
384 2143 626 2190 contineat,
660 2141 770 2183 nihil
803 2142 921 2196 quod
941 2141 1128 2183 dubium
1148 2141 1223 2192 sit,
1255 2140 1483 2193 tamquam
1504 2138 1674 2188 certum
1699 2136 1743 2178 et

215 2198 495 2252 exploratum
531 2200 803 2255 pronuntiet,
832 2203 883 2240 ut
908 2201 1031 2253 ⁸iusto
1069 2212 1213 2252 neque
1247 2198 1381 2239 latius
1412 2209 1552 2250 neque
1581 2208 1743 2248 angus-

214 2254 306 2296 tius
326 2256 381 2298 de
401 2270 447 2298 re
469 2257 689 2306 decernat,
742 2257 930 2310 denique
965 2262 1014 2299 ut
1053 2258 1203 2298 omnia
1225 2256 1359 2296 verba
1393 2258 1438 2296 et
1457 2254 1639 2296 omnino
1677 2265 1742 2294 re-

212 2323 311 2355 rum
332 2319 519 2363 naturae,
550 2319 594 2357 et
615 2315 806 2357 maxime
826 2315 907 2364 rei,
944 2315 998 2357 de
1018 2328 1108 2368 qua
1128 2314 1305 2361 dicitur,
1336 2312 1611 2354 conveniant.
1668 2309 1740 2358 Ad

213 2373 456 2414 sententias
478 2373 616 2426 igitur
635 2374 768 2428 plane
788 2368 1032 2428 poliendas}
1064 2373 1120 2413 ad
1155 2383 1304 2412 earum
1336 2375 1486 2425 partes
1521 2369 1605 2415 rite
1635 2367 1738 2409 defi-

210 2427 395 2472 niendas
426 2434 471 2471 et
502 2431 557 2472 ad
593 2431 743 2473 omnia
765 2432 922 2473 vicinis
944 2430 1174 2472 sententiis
1192 2429 1301 2470 scite
1322 2428 1517 2484 aptanda
1535 2422 1739 2481 quaedam

209 2487 357 2536 verba,
378 2501 488 2541 quos
513 2490 790 2543 pleonasmos
822 2501 1047 2536 vocamus,
1078 2488 1315 2529 addebant,
1372 2486 1547 2528 Eximia
1567 2488 1633 2526 est
1662 2497 1735 2525 eo-

208 2555 308 2584 rum
331 2548 376 2586 et
395 2546 584 2588 sortasse
606 2547 745 2588 nimia
766 2548 847 2588 hoc
882 2549 926 2588 in
955 2559 1112 2601 genere
1141 2545 1391 2598 diligentia,
1428 2556 1526 2600 quae
1544 2541 1737 2584 maxime

207 2603 402 2646 cernitur
426 2605 470 2645 in
491 2606 715 2646 luculenta
735 2605 1065 2658 particularum,
1103 2603 1266 2656 quibus
1284 2602 1377 2644 fere
1399 2599 1639 2646 sententias
1666 2598 1733 2640 in-

207 2662 402 2712 struunt,
424 2663 570 2716 copia.
627 2661 678 2703 In
703 2662 772 2703 his
792 2662 1085 2715 dijudicandis
1114 2664 1160 2702 et
1188 2659 1462 2715 explicandis
1495 2656 1732 2699 difficultas

204 2717 335 2771 longe
356 2721 552 2762 maxima
575 2721 802 2774 interpreti
837 2721 1056 2773 objicitur.
1116 2717 1258 2760 Nobis
1294 2718 1365 2759 hic
1401 2719 1576 2758 tantum
1614 2713 1732 2755 suffi-

204 2775 295 2821 ciat
314 2777 500 2826 dixisse,
532 2790 631 2819 cum
654 2791 742 2819 non
769 2790 796 2819 a
816 2777 1074 2824 dialecticis,
1103 2777 1179 2818 sed
1213 2788 1242 2816 a
1274 2774 1440 2831 populo
1469 2771 1730 2814 introductae

204 2833 298 2875 sint
318 2835 406 2876 illae
425 2838 493 2877 tot
513 2832 758 2890 particulae,
787 2847 896 2888 quas
918 2839 963 2878 et
995 2836 1035 2890 ξ.
1067 2833 1109 2875 5.
1134 2836 1246 2875 extr.
1273 2831 1520 2886 tetigimus,
1541 2842 1728 2883 cumque

204 2889 458 2946 linguarum
479 2894 688 2949 analogia
719 2906 806 2937 non
841 2894 1039 2948 suadeat,
1067 2895 1119 2936 ut
1150 2890 1338 2946 singulis
1377 2901 1532 2937 earum
1552 2886 1729 2944 syllabis
