1838 3164
184 110 246 154 54
351 117 358 122 ‘
607 112 928 154 PLEONASMI
956 112 1281 155 VERBORUM.

185 228 312 270 certa
330 227 522 282 quadam
552 229 727 271 ratione
745 231 1047 272 consideratur
1067 234 1117 272 ut
1147 229 1390 282 incognita,
1415 228 1626 281 quoniam
1650 227 1709 270 de

188 297 242 327 ea
261 284 341 327 illo
350 287 460 342 ipso
479 291 711 339 commate,
731 288 847 341 quod
875 289 932 330 ab
953 288 1053 329 dom
1079 288 1254 343 incipit,
1293 286 1463 347 aliquid
1485 286 1711 339 adjicitur,

188 353 245 385 ex
274 351 364 397 quo
385 344 451 386 de
487 357 541 386 ea
573 347 715 400 possit
749 346 1012 387 existimari.
1071 346 1189 388 Hinc
1219 335 1338 388 recte
1369 347 1515 386 vertas
1549 341 1714 400 quippe

186 399 295 504 gibi
341 400 472 445 Isocr.
502 401 668 457 Paneg.
703 402 773 445 28.
809 401 952 444 Καίτοι
988 407 1075 445 πῶς
1109 422 1151 446 αν
1183 404 1326 447 ἐκείνων
1361 401 1486 456 ἄνδρες
1517 402 1710 451 ἀμείνονι»,

233 462 388 507 μᾶλλον
409 462 660 533 φιλέλλὴνες’
654 460 772 509 ὄντες,
787 459 1052 515 ἐπιδειχθεῖεν,
1065 463 1193 504 οἵτινες
1211 462 1430 509 ἐτόλμησαν
1451 464 1536 502 etc
1567 457 1707 504 Thue.

187 517 250 559 iv
278 516 345 560 18·
375 517 416 560 Γ
416 523 509 560 νωτε
525 519 581 568 δὲ,
602 536 654 561 εις
672 520 862 574 ἡμετέρας
882 536 942 560 νυν
962 517 1157 594 {vuffingas
1187 518 1394 561 ἀπιδόντες·
1433 517 1575 571 οἵτινες,
1595 514 1710 566 ἀξίω·

186 587 248 623 μοι
261 578 447 625 μέγιστον
461 581 536 619 τῶν
550 575 791 620 Ἑλλήνων’
783 578 953 630 ἔχοντες,
979 577 1119 626 ἥκομεν
1145 581 1225 619 etc.
1239 574 1437 630 Palaeph.
1466 574 1532 617 18.
1563 574 1712 624 Λὸτόυ·

186 646 254 684 σιν,
276 633 333 674 ὅτι
353 633 539 677 Αἴολος*
504 650 558 679 m
577 636 750 690 κυριεύων
770 638 845 675 τῶν
864 651 935 676 ωνε
921 636 1113 684 comnia-cuv,
1145 636 1245 676 ὅστις
1267 634 1400 676 ἔδωκεν
1419 630 1615 679 Ὀδυσσεῖ
1607 630 1712 684 ’τοὺς

186 693 391 738 ἀνέμουι’
375 709 412 733 εν
442 695 558 750 ἀσκῷ.
619 693 838 734 Similiter
861 691 1246 747 Soph.Aj.1029.
1281 688 1709 745 s.Xen0ph.Ages.

187 749 217 789 i.
239 747 310 791 36.
332 762 366 790 s.
389 736 532 792 Paulli
556 765 627 807 ep.
647 751 705 793 ad
725 749 853 794 Rom.
874 751 966 794 xvi.
989 748 1031 793 4.
1054 764 1111 794 SS.
1136 748 1270 793 Plura
1302 750 1439 820 lector
1459 749 1591 794 facile
1613 750 1710 809 ipse

140 857 143 863 Ι
186 806 459 852 observabit
1241 846 1244 850 .

497 1249 938 1304 PLEONASMI
966 1251 1418 1305 VERBORUM.

871 1404 1033 1416 m·

730 1508 1164 1558 PRAEMONITUM
1172 1544 1181 1554 .

189 1603 577 1667 (irENERATIM
612 1621 685 1664 hic
713 1621 766 1663 de
799 1623 945 1664 verbis
976 1622 1243 1676 quibusdam
1279 1622 1482 1670 monebu,
1513 1633 1612 1675 quae
1638 1621 1714 1665 ha·

186 1682 348 1728 bitum,
370 1684 552 1728 statum,
586 1683 772 1728 motum,
804 1681 1024 1722 actionem
1045 1681 1181 1722 etiam
1202 1680 1387 1733 subjecti
1419 1683 1523 1722 casu
1544 1693 1643 1723 cum
1665 1693 1714 1723 re

186 1740 486 1793 conjunctam,
518 1739 790 1792 exprimunt,
814 1742 858 1779 et
887 1752 941 1779 ea
973 1738 1150 1791 quidem
1184 1742 1382 1793 tempore
1401 1738 1527 1779 finito
1547 1739 1712 1792 posita,

184 1798 313 1852 quasi
334 1808 487 1838 eorum
522 1808 628 1837 usus
662 1797 720 1837 sit
749 1797 1047 1843 necessarius:
1078 1809 1177 1838 cum
1198 1798 1297 1851 ipsa
1318 1799 1465 1837 tamen
1487 1795 1712 1838 abundent

186 1860 232 1898 ct
252 1855 541 1910 participium
571 1855 685 1895 alius
715 1855 838 1894 verbi
861 1858 938 1895 aut
959 1855 1225 1908 adjectivum
1255 1867 1355 1895 cum
1376 1854 1486 1907 ipsis
1506 1855 1712 1907 conjunc-

185 1916 282 1956 tum
312 1924 360 1952 re
392 1912 492 1965 ipsa
522 1912 582 1951 sit
602 1911 882 1964 primarium,
914 1915 959 1952 et
987 1913 1152 1952 omisso
1190 1912 1320 1953 verbo
1354 1911 1639 1978 participium
1665 1913 1714 1954 in

186 1976 362 2025 tempus
383 1968 557 2009 finitum
577 1967 756 2015 mutari,
788 1968 1008 2020 adjectivo
1027 1970 1210 2011 verbum
1229 1987 1318 2010 ειναι
1353 1969 1535 2022 adjungi
1556 1969 1714 2024 possit,

188 2030 328 2075 salvo,
361 2038 493 2078 quem
513 2038 582 2066 res
603 2026 812 2079 postulat,
845 2039 993 2068 sensu.
1055 2024 1224 2068 Horum
1262 2040 1443 2068 numero
1474 2031 1578 2068 sunt
1598 2027 1712 2075 ἥκειν,

188 2087 349 2136 liment,
379 2084 483 2137 εχειν
527 2082 588 2138 (Se
619 2082 806 2138 habere),
857 2083 1061 2138 ἔρχεσθαι,
1113 2083 1326 2136 καθῆσθαι,
1372 2083 1534 2134 κεῖσθαι,
1581 2100 1716 2140 κυρειν,

190 2146 340 2190 σθῆναι,
373 2139 578 2188 τείνεσὲαι,
609 2142 834 2194 τυγχάνειν,
862 2143 1060 2197 ὑπάρχειν.
1121 2141 1218 2183 Viri
1253 2143 1370 2184 docti
1403 2143 1603 2195 quaedam
1636 2142 1712 2184 hu-

187 2204 261 2256 jus
275 2200 485 2256 generis,
481 2200 612 2241 sicut
642 2200 731 2239 alia
750 2201 1013 2254 ωαρέλκοντα,
1054 2205 1386 2252 congesserunt,
1413 2204 1639 2254 tamquam
1658 2199 1716 2241 ad

191 2261 448 2302 interiorem
482 2257 799 2310 grammaticen
828 2258 1111 2311 pertinentia.
1173 2257 1260 2299 Sed
1288 2258 1465 2311 Justiori
1495 2258 1549 2298 de
1581 2269 1716 2299 causa

190 2319 584 2360 commemorantur
605 2316 649 2356 in
682 2315 1036 2357 demonstrandis
1069 2316 1305 2357 virtutibus
1321 2315 1598 2366 ‚elocutionis
1618 2326 1716 2356 ora-

189 2377 330 2418 toriae.
391 2371 508 2415 Nam
537 2377 579 2414 et
608 2374 778 2427 pictura
808 2374 996 2426 quadam
1030 2376 1190 2414 ornant
1212 2373 1466 2424 orationem,
1495 2377 1547 2414 ut
1568 2375 1716 2429 ἐναργέ-

193 2448 309 2488 στερα
329 2432 479 2473 omnia
499 2432 620 2481 fiant,
651 2435 695 2472 et
714 2431 862 2472 animo
895 2432 1097 2484 quaedam
1129 2431 1360 2484 objiciunt,
1390 2444 1488 2484 quae
1513 2431 1715 2483 libenter,

192 2491 316 2534 ⁴velut
345 2490 390 2530 in
412 2492 677 2539 transcursu,
708 2490 822 2530 sicut
854 2489 963 2531 illud
995 2490 1058 2538 ὅγε
1087 2488 1146 2544 (v.
1183 2488 1476 2530 Praemon.'de
1493 2490 1716 2544 pronomi-

196 2547 329 2590 nibus
351 2546 441 2600 iii.)
462 2547 692 2600 adspiciat,
711 2550 755 2587 et
775 2547 852 2599 ita,
883 2551 934 2588 ut
965 2558 992 2588 a
1027 2560 1159 2601 scopo
1179 2559 1266 2588 non
1288 2548 1476 2589 aberret.
1537 2545 1603 2588 De
1625 2547 1714 2588 sin·

194 2607 312 2660 gulis
332 2604 595 2657 quibusdam
625 2617 705 2644 suo
737 2605 831 2646 loeo
865 2605 1021 2647 dicam.
1083 2604 1170 2653 Qui
1201 2604 1360 2646 Latina
1389 2594 1520 2658 hujus
1538 2605 1715 2658 generis

188 2662 458 2713 tractarunt,
477 2666 527 2703 ut
561 2660 735 2703 Ernesti
768 2663 812 2703 in
833 2663 966 2705 rhet-t.
991 2664 1192 2718 initiis&
1214 2662 1314 2705 302.
1338 2675 1373 2703 S.
1397 2666 1442 2703 et
1464 2661 1711 2703 Schellerus

188 2723 244 2763 in
265 2720 422 2774 majori
444 2732 575 2773 opere
596 2720 649 2760 de
679 2720 780 2760 stilo
815 2721 926 2762 bene
959 2719 1134 2770 Latino,
1163 2734 1238 2762 eos
1275 2721 1436 2761 mirum
1455 2721 1522 2761 est
1542 2717 1714 2760 Graeeo-

190 2787 295 2837 rum
332 2778 477 2819 minus
509 2777 664 2818 fecisse
703 2779 993 2828 mentionem·
1039 2783 1082 2820 et
1113 2780 1187 2832 qui
1223 2779 1277 2819 de
1312 2777 1478 2819 Graecis
1514 2781 1714 2829 egerunt,

188 2833 275 2880 eos
294 2834 638 2888 non,jstudiosius
657 2847 936 2889 comparasse
963 2811 1134 2878 fiatina.
1195 2835 1330 2878 Verbi
1354 2835 1618 2876 substantivi
1639 2847 1713 2876 va·

197 2896 412 2939 riationes
437 2892 632 2934 studiose
665 2893 868 2936 collectas
902 2895 1024 2938 debit
1055 2892 1288 2938 Fischerus
1323 2893 1368 2937 in
1399 2891 1634 2936 Animadv.
1656 2892 1714 2945 ad

198 2952 333 2999 Well.
353 2950 434 2997 Gr.
454 2949 521 2996 iii.
544 2950 588 2995 b.
609 2963 652 3009 p.
675 2948 744 2999 69.
