1838 3164
230 160 316 204 436
680 173 874 209 nummis
896 169 1298 208 PRAEPosffloNUM.

234 273 488 317 adverbium
508 274 675 324 dicunt,
697 277 896 319 dativum
917 290 1011 318 esse
1030 276 1174 331 prisco
1196 289 1315 317 more
1335 275 1545 330 scriptum
1563 270 1734 315 eodem-

234 343 321 388 que·
354 335 482 375 modo
510 334 856 387 intelligendum.
901 334 1045 375 Conf.
1084 333 1207 375 Koen.
1248 335 1304 375 ad
1337 332 1522 386 Gregor.
1556 345 1600 387 p.
1638 329 1733 372 169.

232 404 277 490 δὲ.
308 404 487 444 quaeque
515 405 657 446 nuper
691 392 747 433 ad
769 391 1001 434 Moschum
1030 391 1275 433 monuimus
1307 405 1349 447 p.
1369 390 1467 433 235.
1487 390 1554 432 ed.
1587 388 1734 430 Mans.

273 462 441 490 CHAEF.

230 518 233 519 ⁷
307 505 410 548 Non
448 518 623 560 possum
655 519 742 548 non
777 508 858 549 hac
887 504 1110 549 occasione
1139 507 1456 549 accuratiorem
1486 505 1637 560 paullo
1669 502 1738 543 fa-

231 577 330 606 cere
361 565 603 605 versionem
636 562 1017 618 Interpretis„qui
1053 565 1142 606 haec
1171 564 1353 606 Luciani
1384 563 1516 606 verba
1546 563 1592 604 in
1623 560 1735 601 lib'ro

231 620 452 663 AdverSuS
485 619 650 663 Indoct.
673 634 734 676 Ῥ.
763 621 860 663 338.
911 621 1032 663 Θέλω
1062 621 1101 662 δέ
1143 640 1194 663 σοι
1232 620 1489 670 διηγήσασθαί
1521 637 1557 660 τι
1600 615 1740 660 Πυθοῖ

227 680 437 728 «γενόμενον,
467 679 682 720 reddidit:
735 677 927 721 Ceterum
946 679 1149 736 quiddam
1167 678 1248 721 tibi
1262 692 1434 721 narrare
1448 677 1592 726 velim,
1623 673 1738 731 quod

232 735 320 791 (in)
340 734 513 792 Pytlzz'z‘s
530 743 591 778 est
607 735 795 793 factum.
857 737 1015 779 Malim
1037 749 1118 790 ego
1144 751 1224 793 pro
1252 736 1301 779 in
1328 735 1502 793 Pythiis
1529 745 1738 789 reponere

227 793 441 850 Delphis:
483 807 586 836 nam
614 793 664 835 in
697 793 870 850 Pythiis
901 795 1146 848 significare
1186 796 1318 836 etiam
1353 797 1497 848 potest
1519 792 1593 834 in
1622 789 1737 832 ludis

226 849 416 949 gythz'z's.
494 851 699 905 Sequitur
732 856 880 895 autem
915 854 977 910 ibi
1015 853 1166 907 paullo
1203 857 1302 907 post
1340 852 1426 896 ἧκεν
1469 849 1528 892 οῧν
1570 850 1621 890 εἷς
1650 846 1738 888 τοὺς

219 918 237 924 “’
279 911 430 962 ελφούς.
1345 926 1349 930 ’

285 965 388 1014 Sed,
424 970 474 1008 ut
494 966 669 1009 redeam
687 967 743 1008 ad
767 966 1103 1014 Grammaticos,
1139 966 1340 1011 eundem⁹
1356 965 1420 1006 illi
1451 967 1734 1006 errarunter-

221 1034 370 1066 rorem
399 1022 442 1064 in
477 1024 656 1065 vocibus
687 1023 865 1079 Θήβῃσι,
893 1021 1102 1079 Ἀθήνῃσι,
1143 1021 1302 1073 Thebis,
1332 1020 1523 1068 Athenis,
1543 1025 1596 1062 ¹et
1616 1020 1735 1061 simi-

220 1082 358 1130 ·libus,
389 1093 497 1133 quas
516 1082 668 1122 itidem
688 1095 770 1136 pro
802 1081 1039 1128 adverbiis,
1074 1081 1165 1120 sive
1186 1079 1361 1120 urbium
1393 1078 1643 1119 nominibus
1661 1076 1735 1117 ad-

222 1139 478 1180 verbialiter
506 1139 683 1192 positis,
728 1139 990 1184 habuerunt,
1031 1150 1165 1190 quum
1197 1137 1375 1190 proprie
1396 1135 1607 1189 loquendo
1645 1135 1735 1175 sint

222 1196 361 1237 ablati
382 1197 550 1237 vicasus
571 1194 706 1236 Ionic.
720 1199 765 1235 et
783 1198 900 1248 poet.
923 1206 1003 1247 pro
1025 1193 1205 1241 Θήβαις,
1220 1193 1426 1242 Ἀθήναις,
1455 1196 1505 1235 ut
1526 1192 1666 1251 ἀοιδῇσι
1687 1192 1733 1233 in

219 1254 369 1309 primo
405 1251 697 1306 versw'Epwv
727 1250 909 1293 Hesiodi
946 1264 1027 1305 pro
1067 1251 1229 1293 ἀοιδαῖςε
1279 1253 1413 1304 inque
1454 1251 1541 1292 illis
1579 1248 1731 1292 itidem

220 1310 512 1365 supprimitur
539 1312 589 1360 ἐν,
620 1314 670 1350 ut
701 1310 873 1362 integer
907 1309 967 1350 sit
994 1321 1150 1355 sermm
1183 1309 1218 1349 ἐν
1251 1306 1431 1364 Θήβῃσι,
1463 1311 1497 1349 ἐν
1522 1307 1731 1363 Ἀθήνῃσι,

218 1369 254 1409 i.
275 1378 313 1409 e.
352 1369 387 1408 ἐν
418 1365 594 1415 Θήβαις,
623 1368 658 1407 ἐν
679 1365 884 1410 Ἀθήναις.
946 1364 1091 1412 Quum
1122 1366 1261 1418 igitur
1297 1366 1414 1419 apud
1444 1365 1731 1407 Plutarchum
1798 1410 1802 1418 .

221 1426 362 1478 legis:
397 1422 480 1464 Καὶ
515 1422 603 1464 τοὺς
631 1424 700 1470 μὲν
735 1422 898 1478 Θήβῃσι
928 1423 991 1463 καὶ
1020 1421 1107 1463 τοὺς
1124 1421 1266 1462 ’Ί-Ῑλιδι
1296 1424 1469 1475 φευκτέον
1499 1423 1657 1477 ἔρωτας,
1693 1427 1733 1463 et

220 1495 386 1524 amores
399 1480 569 1537 quidem
594 1478 743 1521 Thebis
762 1485 803 1521 et
833 1478 960 1522 Elide
984 1477 1212 1536 fugiendi,
1244 1481 1397 1534 supple
1429 1482 1463 1521 ἐν
1495 1478 1657 1535 Θήβῃσι
1687 1483 1732 1520 et

221 1537 425 1581 {s'Hmn
487 1536 642 1592 [Haud
661 1550 759 1579 raro
780 1539 814 1578 ἐν
849 1538 1038 1579 additur.
1099 1536 1343 1578 Herodotus
1377 1537 1454 1578 lib.
1489 1538 1547 1578 vi.
1570 1551 1605 1578 c.
1636 1537 1727 1578 103.

220 1601 335 1638 extr.
359 1598 393 1638 ἓν
410 1593 619 1650 Ἀθήνῃσι.
651 1596 728 1637 ubi
763 1595 817 1635 al.
854 1595 1212 1650 praepositionem
1245 1595 1469 1635 omittunt}
1500 1594 1577 1635 lib.
1614 1607 1651 1635 v.
1689 1608 1728 1635 e.

220 1654 292 1696 82.
320 1652 530 1708 Ἀθήνῃσι,
562 1652 632 1692 ΑΙ.
653 1657 686 1693 ἐν
700 1650 904 1695 Ἀθήναις.
969 1651 1221 1692 Genuinum
1251 1651 1321 1692 hic
1349 1652 1482 1692 etiam
1504 1652 1674 1693 videtur
1695 1649 1729 1692 ἔν

212 1711 428 1766 Ἀθήνῃσι.
491 1709 589 1751 Vid.
620 1708 881 1761 Wesseling.
913 1709 970 1749 ad
1003 1710 1044 1750 h.
1075 1710 1104 1749 1.
1123 1714 1167 1749 et
1203 1707 1504 1762 Wyttenbach.
1538 1710 1592 1749 ad
1629 1707 1728 1751 Plu-

215 1768 360 1811 tarch.
390 1769 449 1809 de
485 1765 530 1807 S.
576 1766 635 1808 N.
678 1766 732 1808 V.
774 1780 819 1821 p.
855 1766 916 1807 16.
950 1767 1024 1818 qui
1057 1767 1199 1807 nescio
1231 1779 1306 1807 cur
1338 1766 1511 1819 plenam
1541 1768 1727 1809 formam

217 1827 383 1868 dixerit
426 1823 636 1866 Ionicam.
718 1822 915 1865 Incertus
964 1822 1130 1872 Auctor
1176 1823 1233 1863 de
1274 1822 1522 1876 Thucydide
1562 1837 1605 1877 p.
1661 1824 1728 1866 12.

212 1883 339 1925 vDuk.
371 1882 609 1926 τελευτήσας
642 1880 675 1920 δ’
707 1882 741 1921 ἐν
757 1879 970 1936 Ἀθήνῃσιν
1005 1881 1128 1932 ἐτάφη
1159 1897 1196 1921 κ.
1235 1898 1274 1920 τ.
1306 1887 1346 1920 λ.
1421 1879 1494 1922 Sic
1523 1882 1659 1923 etiam
1692 1883 1727 1924 ἐν

217 1940 402 1996 Θήβῃσι.
475 1937 637 1992 Hymn.
668 1937 850 1979 Homer.
878 1939 924 1978 in
953 1936 1112 1978 Bacch.
1146 1950 1190 1991 p.
1225 1936 1321 1978 667.
1360 1935 1437 1990 Ilg.
1473 1937 1584 1979 ἄλλοι
1618 1938 1653 1978 δ’
1692 1942 1728 1982 ἐν

215 1997 417 2054 Θήβῃσιν.
448 2009 580 2049 quam
616 1996 802 2037 formam
837 1996 972 2036 etiam
1006 1993 1196 2035 Vindob.
1237 1992 1421 2036 Codices
1454 1997 1643 2038 firmant.
1685 2000 1727 2038 v.

217 2054 402 2096 Diodor'.
435 2054 522 2095 Sic.
552 2058 588 2095 t.
620 2066 662 2094 x.
696 2066 740 2107 p.
773 2051 1003 2104 4441Arg.
1066 2050 1314 2093 Herodotus
1339 2052 1417 2094 lib.
1449 2054 1479 2095 i.
1513 2069 1550 2096 c.
1583 2053 1651 2095 52.
1682 2052 1727 2097 ἦν

214 2113 372 2158 κείμενα
388 2113 422 2152 ἐν
444 2110 622 2166 Θήβῃσι.
685 2111 798 2151 Add.
822 2109 944 2151 BaSt.
966 2108 1107 2164 Epist.
1129 2108 1240 2151 Crit.
1260 2110 1316 2151 ad
1337 2108 1532 2153 BOisson.
1555 2124 1601 2166 p.
1631 2110 1723 2153 152.

215 2168 444 2222 Sonam]
536 2186 539 2189 ·
886 2215 889 2221 Ἴ
1678 2188 1681 2191 ·

276 2227 361 2268 Vel
393 2224 491 2267 Tem
524 2223 652 2273 orish,
671 2229 722 2266 ut
739 2223 806 2281 Τῇ
826 2227 930 2280 αὐτῇ
948 2225 1089 2279 ἡμέρᾳ,
1115 2238 1196 2278 pro
1216 2226 1252 2266 ἐν
1277 2229 1329 2279 τῇ
1348 2228 1451 2279 αὐτῇ
1477 2227 1618 2280 ἡμέρᾳ,
1650 2239 1718 2268 eo-

220 2284 315 2326 dem
340 2281 425 2326 die.
524 2287 550 2338 ᾗ
571 2283 648 2337 ὥρᾳ
679 2283 809 2338 τρίτῃ,
840 2281 943 2324 Izora
972 2281 1111 2324 tertia.
1171 2281 1388 2335 [Debebat
1418 2283 1623 2331 scribere,
1645 2287 1726 2325 aut

220 2347 276 2396 τῇ
317 2341 396 2396 ὥρᾳ
430 2341 562 2395 τρίτῃ,
602 2344 678 2381 aut
713 2344 765 2395 τῇ
807 2341 919 2395 τρίτῃ
958 2339 1048 2394 ὥξᾳ.
1126 2338 1196 2380 Ab
1231 2339 1310 2379 hac
1341 2341 1492 2392 regula
1525 2342 1611 2382 dici
1649 2341 1725 2382 vix

217 2402 366 2453 potest
384 2397 556 2451 quoties
576 2397 668 2438 viri⁴
681 2398 815 2438 etiam
847 2397 997 2438 Graece
1024 2397 1215 2451 perdocti
1238 2397 1550 2440 aberraverint.
1581 2401 1609 2421 “
1633 2395 1722 2439 Ob-

219 2455 391 2498 servavi
427 2455 587 2508 saepius
624 2467 715 2502 eos,
750 2456 826 2507 qui
862 2455 989 2495 hodie
1027 2453 1176 2496 Graece
1209 2454 1423 2502 scribunt,
1459 2456 1723 2508 adJectivum

220 2512 392 2554 nomini
414 2511 690 2554 substantivo
711 2512 805 2553 sine
825 2512 1009 2554 articulo
1030 2514 1217 2565 repetito
1236 2514 1541 2565 postponere.”
1600 2511 1723 2554 Reis-

217 2571 321 2613 kius
359 2571 406 2610 in
441 2568 638 2610 Addend.
679 2570 732 2610 ad
772 2570 915 2611 Anon.
949 2567 1183 2611 Introduct.
1224 2569 1505 2624 Anatom.-p.
1545 2569 1615 2618 56,
1660 2569 1722 2611 13.

221 2626 443 2681 SanEF]
473 2625 542 2683 Τῷ
571 2625 661 2673 μηνὶ
696 2632 749 2682 τῷ
778 2630 966 2682 πέμπτῳ,
998 2639 1135 2669 mense
1157 2625 1318 2683 quinto.
1379 2626 1561 2668 Addidit
1583 2626 1723 2668 Lucas

219 2683 388 2737 Evang.
410 2685 439 2723 i.
462 2682 533 2724 26.
561 2682 632 2732 Ἐν
653 2683 690 2724 δὲ
711 2690 764 2738 τῷ
784 2684 874 2732 μῃνῖ
898 2690 951 2738 τῷ
972 2683 1083 2739 ἕκτῳ.
1117 2684 1171 2726 [η
1190 2698 1330 2726 mense
1347 2690 1481 2726 seoeto.
1501 2685 1503 2688 '
1537 2683 1719 2739 [Home-

216 2755 294 2783 rus
325 2741 480 2794 Odyss.
519 2739 573 2781 Γ.
604 2754 642 2781 v.
681 2739 796 2780 391.>
815 2741 996 2796 ἑνδεκάτῳ
1027 2745 1193 2798 ἐνιαυτῷ.
1225 2743 1278 2783 al.
1314 2747 1347 2781 ἐν
1377 2741 1522 2797 δεκάτῳ
1554 2744 1721 2798 ἐνιαυτῷ.

217 2799 454 2855 Sophocles
484 2796 688 2839 Trachin.
715 2811 755 2838 V.
783 2798 881 2839 753.
916 2801 1197 2841 namurcensem
1226 2798 1314 2855 τῇδ’
1340 2800 1375 2839 ἐν
1400 2799 1538 2853 ἡμέρᾳ.
1564 2819 1568 2822 ⁴
1598 2798 1721 2840 Euri-

257 2922 277 2947 ὴ
309 2922 488 2956 Matthaeus
517 2923 641 2962 Evang.
669 2921 730 2953 xii.
757 2923 783 2957 l,
812 2925 842 2952 5.
877 2924 934 2956 τοῖς
1001 2923 1069 2953 xiV.
1098 2925 1150 2954 25.
1187 2923 1316 2966 τετάρτῃ
1346 2921 1372 2952 δὲ
1399 2923 1530 2963 φυλακῇ.
1589 2921 1721 2954 Marcus

213 2969 356 3007 σιὶββασι.
379 2967 541 2999 coll-ver.
555 2968 587 2996 2.
611 2966 635 2997 ἐν
664 2965 819 3004 σαββάτῳ.
845 2964 880 2996 it.
903 2976 933 2997 C.
1000 2965 1201 3007 Evang.xii.
1217 2970 1248 2997 2.
1272 2968 1313 3005 τῷ
1328 2968 1427 3008 καιρῷ.
1449 2965 1569 3008 ΜΙΟῌ.
