1838 3164
207 133 316 177 500-
656 140 855 178 nummis
874 141 1085 178 PLUmUM
1110 144 1289 178 vocum.

207 253 339 292 ταῦτα
370 247 503 289 οὕτως·
533 240 623 287 vid.
640 242 855 299 Vigerum
875 261 912 288 c.
934 261 977 289 v.
996 261 1034 290 s.
1057 249 1116 290 vi.
1137 261 1230 301 reg.
1256 246 1297 287 5.
1330 243 1404 287 Sic
1423 246 1558 288 etiam
1576 245 1623 287 in
1646 242 1733 293 εἷεν,

210 306 491 351 transitionis
511 307 564 345 ut
582 304 821 358 plurimum
841 304 899 345 ab
926 318 1017 347 una
1039 307 1095 347 ad
1123 308 1306 348 alteram
1331 304 1545 345 orationis
1564 307 1735 358 partem

206 366 414 415 formula,
438 362 632 416 suppleri
646 362 789 415 possit
809 366 938 404 ταῦτα
957 364 1027 411 μὲν
1046 364 1093 407 δὴ
1122 368 1266 406 ταῦτα.
1297 359 1571 403 Themistius
1604 358 1746 403 Orat.»

209 423 338 466 xviii.
372 435 420 476 p.
439 419 540 463 217.
559 418 614 460 A.
644 416 747 460 Εἶεν.
770 417 916 461 ‘'Oen-ff
947 420 986 462 δὲ
1023 421 1085 462 ἐπὶ
1119 420 1252 477 τοξικῇ
1275 420 1481 468 ἐλλόγιμος
1501 415 1591 459 εἶναι
1613 418 1758 472 ἔρωτα,

211 481 316 535 ἔχει.
363 477 468 521 Esto
484 484 629 521 autem
655 490 746 518 rem
771 475 837 518 ita
865 490 907 518 se
923 476 1088 521 habere.
1123 476 1330 535 Quisquis
1348 490 1444 519 vere
1462 479 1548 519 cet.
1595 473 1737 519 Cebes

187 551 255 596 νΡ.
277 537 350 581 37.
389 534 497 585 Εἶεν,
512 536 605 590 ’έφην
626 535 715 583 ἐγώ.
740 535 789 575 ὧς
808 535 924 583 καλὸν
942 537 1066 585 λέγεις
1081 536 1145 578 τὸν
1161 538 1274 578 τόπον
1291 533 1378 577 εἶναι
1397 536 1407 577 !
1441 533 1587 576 Possit
1601 533 1740 575 etiam

213 597 333 639 hunc
357 608 388 637 n
414 593 594 636 modum
615 593 836 646 suppleri:
869 590 938 635 εἶεν
973 598 1101 636 ταῦτα
1134 595 1203 642 μὲν
1236 594 1355 635 οὕτως
1387 593 1550 646 ἔχοντα.
1581 591 1650 632 uti
1669 592 1740 634 est

212 654 333 709 apud
353 651 561 694 Cebetem
580 663 684 706 pag.
703 647 748 690 9.
776 648 897 691 Ἀλλ’
918 650 1032 702 ἔστιν,
1061 652 1150 705 ἔφη,
1183 651 1302 693 οὕτως
1321 651 1482 704 ἔχοντα.
1544 647 1639 690 Nec
1656 647 1738 689 mi-

211 724 298 755 nus
317 711 366 753 in
387 710 572 762 ἐμφαίνει,
588 708 764 762 quando
783 708 1037 751 affirmando
1057 711 1255 752 absolute
1280 709 1475 763 ponitur,
1507 703 1737 748 subaudiri

211 770 327 812 solet
348 768 468 810 οὕτως
485 767 603 820 ἔχειν.
662 763 866 820 Elliptice
886 767 1075 810 occurrit
1094 767 1214 822 apud
1236 764 1443 808 Cebetem
1463 779 1511 820 p.
1532 763 1605 806 35.
1627 762 1736 804 edit.

216 823 598 878 Gron.’Eu<palvea‚
628 823 672 866 νὴ
706 822 812 865 Δία.
872 823 958 866 Pro
991 838 1078 878 quo
1110 826 1225 866 idem
1259 824 1391 878 plene
1427 823 1563 864 habet
1595 834 1639 875 p.
1660 819 1735 862 37.

207 882 418 938 Ἐμφαίνει
446 883 564 923 οὕτως
582 881 699 934 ἔχειν.
761 879 947 928 Quando
973 895 1030 924 ex
1049 883 1250 937 pluribus
1270 882 1403 923 unius
1422 883 1598 921 tantum
1615 890 1739 925 men·

207 942 377 984 tionem
395 940 567 982 faciunt
586 938 834 992 scriptores,
866 945 1107 981 ceterorum
1142 951 1326 980 numero
1352 938 1400 978 in
1421 936 1638 989 adjectivo
1669 947 1739 975 or-

209 999 352 1041 dinali
371 997 587 1051 implicite
605 997 788 1044 latente,
819 998 1126 1052 supplemento
1144 996 1338 1051 plurium
1365 1004 1656 1047 vocumopus
1676 994 1742 1037 est

214 1057 273 1098 ad
306 1054 660 1099 constituendam
690 1054 912 1107 integram
942 1055 1203 1101 orationem.
1265 1051 1316 1093 E.
1340 1066 1380 1105 g.
1417 1051 1446 1092 2
1466 1049 1582 1091 Petr.
1605 1050 1656 1090 ii.
1691 1048 1737 1091 5.

199 1112 379 1162 ”Ογδοον
402 1110 500 1153 Νῶε
516 1111 745 1153 δικαιοσύνης
762 1112 812 1154 κη
837 1129 911 1152 vna
926 1109 1127 1164 ἐφύλαξεν.
1144 1123 1227 1164 pro
1243 1122 1333 1162 quo
1346 1110 1477 1163 plena
1488 1110 1555 1149 est
1569 1107 1750 1148 oratio>

209 1171 315 1212 {mei
334 1167 523 1223 ἐφύλαξε,
553 1168 619 1210 καὶ
637 1166 763 1216 ’ὄγδοον
782 1129 892 1210 bfo..
953 1166 1024 1211 Ita
1043 1181 1149 1210 sane
1168 1167 1333 1220 legitur
1351 1165 1470 1222 apud
1491 1163 1738 1210 Homerum

209 1225 338 1270 Iliad.
357 1225 408 1268 T.
429 1239 517 1268 ver.
538 1225 642 1266 246.
1722 1241 1723 1244 ¹

381 1282 462 1324 ’Eu
482 1282 516 1323 δ’
537 1280 630 1331 ἄγον
649 1279 959 1331 αἶψα,·γυναῖκας
978 1285 1195 1335 α’μύμονας,
1214 1284 1291 1338 ἔργ’
1313 1281 1469 1332 εἰδυίας,

377 1339 524 1387 “Ἐπτ’,
544 1339 646 1394 ἀτὰρ
666 1338 853 1387 ὀγδοάτην
870 1338 1054 1396 Βρισηΐδα
1072 1341 1354 1396 καλλιπάρῃον.

211 1403 259 1443 et
275 1398 403 1442 Iliad.
425 1396 476 1438 B.
497 1409 584 1438 ver.
605 1396 708 1438 313.

386 1456 918 1496 ----πεταίλοις
938 1457 1244 1498 ὑποπεπτηῶτες

381 1511 539 1553 Ὀκτῶ·
561 1509 661 1565 οἶτοὶρ
682 1510 818 1566 μήτηρ
839 1512 954 1555 ἐνάτη
973 1510 1035 1560 ἦν,
1057 1511 1083 1556 ⁷¹3
1104 1514 1190 1553 τέκε
1212 1514 1339 1554 τέκνα.

213 1570 339 1628 [Vid.
373 1567 640 1621 Wesseling.
674 1567 733 1608 ad
769 1567 952 1610 Diodor.
991 1568 1078 1611 Sic.
1114 1574 1146 1611 t.
1186 1570 1233 1610 ii.
1271 1583 1317 1624 p.
1338 1568 1442 1612 330.
1502 1570 1744 1612 Athenaeus

211 1635 248 1673 t.
265 1630 310 1671 ii.
342 1641 389 1683 p.
411 1625 516 1668 246.
548 1625 591 1666 οὗ
624 1626 741 1678 τύχοι
770 1625 842 1668 της
867 1627 1015 1667 πόλεως
1037 1629 1163 1668 οἶλύων
1195 1629 1367 1679 ἐφαίνετο
1388 1627 1556 1683 δεύτερος
1575 1626 1640 1668 καὶ
1660 1627 1741 1682 τρί-

210 1703 294 1728 τος.
329 1698 382 1727 ex
415 1687 535 1725 certa
570 1681 823 1724 Casauboni
852 1685 1174 1726 emendatione.
1208 1683 1364 1729 Obiter
1385 1698 1635 1727 succurram
1654 1683 1742 1732 Lu-

211 1745 358 1792 ciano,
400 1741 551 1783 eadem
584 1739 759 1792 menda,
802 1753 937 1794 quam
967 1742 1042 1783 ille
1071 1755 1126 1783 ex
1153 1741 1366 1784 Athenaeo
1396 1743 1520 1792 eluit,
1565 1743 1741 1785 vitiato.

211 1805 245 1844 t.
269 1802 335 1843 iii.
355 1813 398 1855 p.
420 1798 521 1841 327.
554 1797 615 1838 διὰ
636 1802 703 1839 τοῦ
721 1800 933 1847 «γυμνασίου
953 1802 1095 1842 αὐτῶν.
1127 1800 1308 1844 ἐπήκουον
1332 1799 1418 1848 ἅμα
1440 1797 1607 1842 Κυνικοῦ
1629 1816 1738 1841 τινος.

215 1857 402 1912 Corrigo
423 1856 456 1897 δ.
478 1873 519 1898 τ.
540 1873 583 1904 «γ.
615 1857 741 1897 ἀλύων
773 1858 804 1897 ἐ.
839 1856 876 1898 ἅ.
911 1855 971 1899 K.
999 1874 1038 1898 τ.
1070 1857 1295 1914 SCHAEF]
1356 1856 1407 1899 In
1427 1858 1468 1898 τί
1496 1855 1572 1906 οὖν,
1604 1858 1644 1898 τί
1673 1855 1739 1904 δῆ,

211 1929 315 1970 quae
335 1915 494 1969 saepius
516 1913 716 1955 absolute
746 1918 998 1966 occurrunt,
1031 1915 1257 1957 subaudiri
1291 1918 1473 1969 possunt
1491 1928 1617 1957 voces
1645 1918 1742 1956 ταῦ-

211 1991 267 2015 τα
288 1972 411 2014 ἐθέλει
432 1969 536 2013 εἶναι.
595 1970 670 2011 Sic
688 1971 806 2025 apud
827 1970 1079 2015 Maximum
1108 1972 1210 2027 Tyr.
1246 1971 1485 2015 DIssertat.
1507 1974 1595 2015 xiv.
1626 1972 1666 2028 ᾖ.
1696 1970 1739 2013 6.

211 2029 270 2075 Τι’
299 2048 351 2071 σοι
382 2029 496 2072 ταυτὶ
528 2026 680 2076 ἐθέλεη
722 2029 799 2070 ubi
841 2030 936 2071 sub.
982 2028 1084 2072 εἶναι.
1161 2029 1296 2072 Hisce
1335 2031 1494 2072 addere
1523 2030 1645 2072 lubet
1674 2042 1741 2071 se-

220 2090 409 2142 quentes
424 2101 449 2128 e
469 2090 676 2129 contextu
697 2087 936 2128 maximam
955 2093 1130 2142 partem
1161 2089 1428 2143 supplendas
1449 2086 1634 2143 Ellipses
1665 2099 1742 2129 no-

213 2146 459 2188 tabiliores.
517 2142 789 2198 Thucydides
809 2145 884 2186 lib.
906 2146 937 2186 i.
958 2158 996 2187 c.
1018 2146 1059 2187 2.
1093 2145 1318 2194 Νεμόμενοί
1337 2163 1379 2186 τε
1400 2148 1453 2187 ταὶ
1481 2147 1606 2187 αὑτῶν
1628 2144 1740 2186 ἕκασ-

212 2219 288 2254 τοι,
334 2203 413 2244 ὅσον
442 2202 606 2257 ἀποζῇν,
636 2202 792 2256 supple
814 2202 892 2244 ὅσον
921 2203 959 2244 ἐς
989 2203 1033 2243 τὸ
1064 2204 1210 2259 ἀποζῇν
1240 2204 1403 2258 μετρίως
1437 2202 1481 2243 ἄν
1518 2219 1596 2243 που
1631 2202 1739 2256 α’ρκέ-

213 2278 320 2303 σειεν.
381 2259 619 2314 Sophocles
649 2259 697 2300 in
725 2258 848 2315 Ajac.
870 2273 961 2301 ver.
986 2259 1085 2302 742.
1121 2261 1343 2317 Δραμοῦσοι
1373 2264 1441 2302 τοῦ
1474 2259 1738 2315 προσωτάτου.

213 2319 314 2360 sub.
340 2316 539 2373 δραμοῦσα
561 2316 693 2371 δρόμον
715 2322 782 2360 τοῦ
800 2317 1046 2373 προσωτάτου
1067 2319 1196 2359 τόπου.
1261 2317 1490 2373 [Suspicor
1510 2321 1578 2359 τοῦ
1595 2317 1740 2371 προσεύ-
1782 2333 1786 2340 ·

212 2390 338 2416 τατα.
394 2373 447 2415 In
477 2373 760 2429 Xenophont.
807 2375 949 2416 Anab.
981 2389 1022 2417 v.
1052 2374 1097 2424 4,
1138 2374 1208 2418 30.
1255 2375 1547 2418 revocandum
1589 2375 1740 2428 ἐπορεύ-

213 2449 299 2473 οντο
354 2436 422 2473 τοῦ
463 2433 604 2487 πρόσω.
676 2430 819 2485 LegaS
856 2432 965 2474 ibid.
1007 2434 1038 2475 i.
1074 2434 1118 2481 3,
1162 2434 1198 2475 l.
1242 2434 1330 2474 ἰέναι
1371 2437 1438 2475 τοῦ
1470 2433 1609 2488 πρόσω.
1660 2429 1739 2472 ubi

214 2489 329 2531 mire
361 2489 597 2530 fluctuatur
624 2490 692 2530 vir
719 2491 937 2544 egregius,
967 2491 1045 2545 qui
1076 2491 1302 2532 Anabasin
1336 2493 1475 2545 nuper
1505 2488 1735 2544 expolivit.

214 2546 443 2602 Sonam]
501 2545 761 2588 Theocritus
795 2548 917 2601 Idyll.
956 2548 983 2589 i.
1020 2562 1111 2591 ver.
1146 2548 1210 2591 15.
1241 2547 1301 2590 Τὸ
1336 2547 1600 2602 μεσαμβρινὸν.
1638 2546 1736 2587 sub.

212 2604 320 2646 κατὰ
340 2603 385 2645 τὸ
404 2603 660 2660 μεσαμβρινὸν
688 2604 800 2659 μέρος
817 2608 887 2649 τῆς
912 2606 1072 2662 iugem.
1131 2605 1252 2648 Idem
1271 2605 1393 2660 Idyll.
1425 2606 1473 2647 ii.
1503 2603 1572 2645 68.
1598 2601 1668 2644 Ἐν
1696 2601 1735 2643 δὲ

209 2663 359 2703 λέαινα.
390 2662 484 2703 sub.
509 2663 543 2702 ἐν
565 2663 710 2702 τούτοις
731 2661 769 2702 δὲ
786 2665 864 2703 τοῖς
884 2661 1026 2719 θηρίοις
1055 2663 1099 2708 ἦν
1127 2667 1274 2706 λέαινα.
1335 2662 1387 2705 In
1408 2663 1453 2704 τὸ
1479 2665 1555 2709 νῦν,
1587 2660 1639 2700 τοὶ
1656 2663 1733 2709 νῦν,

212 2720 308 2762 sub.
343 2718 449 2759 κατοὶ
481 2717 526 2759 τὸ
556 2722 615 2760 νῦν
652 2718 742 2772 ’έχον
763 2722 950 2774 πρᾶγμα,
979 2726 1024 2763 et
1044 2722 1091 2762 in
1110 2723 1273 2777 plurali
1295 2721 1399 2762 κατὰ
1419 2719 1471 2761 τοὶ
1499 2723 1558 2759 νῦν
1587 2717 1734 2771 ἔχοντα

209 2778 452 2833 πράγματα.
513 2774 580 2817 Ex
598 2781 726 2831 parte
744 2777 921 2831 ellipsin
944 2780 1194 2834 suppletam
1221 2780 1409 2833 legimus
1440 2777 1588 2818 Actor.
1611 2775 1731 2816 xxiv.

211 2833 286 2876 25.
360 2831 420 2875 Τὸ
451 2837 510 2875 νῦν
540 2834 632 2887 ἐ’χον
661 2836 834 2889 πορεύου.
911 2833 961 2877 In
1003 2837 1195 2878 formula
1223 2837 1302 2877 illa
1330 2833 1564 2881 convivali,
1609 2833 1734 2886 cujus

211 2892 337 2934 varia
365 2892 567 2946 exempla
595 2894 769 2933 exstant
799 2892 916 2946 apud
947 2893 1206 2936 Athenaeum
1235 2892 1533 2947 Deipnosoph.
1575 2890 1652 2931 lib.
1684 2901 1729 2930 x.

211 2963 251 2993 c.
276 2950 381 2994 viii.
404 2946 515 2992 Ἴσον
555 2948 637 3007 ἴσῳ,
681 2950 974 3006 supplendum
1005 2953 1178 2995 videtur
1209 2950 1303 2993 οἴνου
1333 2950 1406 2993 ἴσον
1434 2951 1547 3005 μέρος
1574 2947 1735 3003 κεράσας
