1838 3164
579 123 643 164 IN
670 121 875 164 GRAEOA
902 121 1126 164 LINGUA.
1533 117 1609 165 159

102 233 328 283 commode
345 235 556 292 explicari
589 236 774 292 possint.
832 235 906 279 Sic
935 233 1096 280 ἥδεσθαί
1129 253 1180 281 τι,
1210 237 1342 284 ἀλγεῖν
1365 251 1418 281 va,
1449 236 1494 276 et
1512 238 1706 288 quae123

105 295 210 341 sunt
226 293 410 341 similia,
439 292 493 334 de
513 294 675 348 quibus
705 293 822 349 apud
857 291 1036 348 Bosium
1055 295 1122 334 est
1140 306 1184 348 p.
1214 290 1279 334 16.
1302 295 1347 333 et
1371 290 1465 333 124.
1496 296 1612 333 recte

103 349 280 408 quidem
301 350 562 399 Schaeferus
592 350 736 406 ellipsi
766 364 919 394 carere
948 350 1073 398 dicit,
1104 349 1179 391 sed
1198 350 1433 393 obscurum
1463 353 1612 391 tamen

103 413 281 455 maneat
322 421 498 453 necesse
537 411 619 457 est,
665 410 885 463 quomodo
923 408 1197 450 accusativus
1235 420 1334 449 cum
1370 406 1438 448 his
1467 406 1612 449 verbis

102 465 298 511 construi
318 467 470 522 possit,
500 467 586 511 nisi
607 467 875 515 memineris,
897 478 998 507 eum
1018 479 1043 508 e
1059 465 1224 508 talibus
1244 464 1408 512 verbis,
1436 467 1488 506 ut
1507 465 1612 519 στέρ-

101 538 181 577 γειν
207 526 254 571 et
284 525 526 579 ἀποστέργειν
559 523 764 579 pendere,
792 537 873 578 pro
889 523 1050 580 quibus
1071 522 1166 571 illa,
1196 520 1354 567 ἥδεσθαι
1386 525 1431 564 et
1464 524 1613 570 ἀλγεῖν,

100 583 155 626 ut
187 592 236 624 re
270 581 371 636 ipsa
396 581 552 624 eodem
577 581 826 630 redeuntia,
848 581 926 629 sed
943 580 1187 637 significatu
1221 580 1421 628 fortiora,
1453 578 1614 625 substi-

99 638 302 685 tuantur.
362 638 599 681 Simillima
618 639 733 681 ratio
753 643 822 682 est
847 639 992 694 huJus‚
1022 640 1202 692 κατέχειν
1222 637 1332 691 τινὸς,
1358 637 1475 692 quod
1494 637 1613 695 pari-

98 695 168 741 ter
184 692 447 741 Schaeferus
478 709 522 751 p.
556 695 628 739 28.
666 709 691 738 e
724 709 907 739 numero
927 696 1153 752 ellipsium
1186 699 1303 739 recte
1332 696 1506 743 eximit,
1537 694 1615 738 sed

99 762 190 799 nou
219 753 432 809 explicuit
459 757 623 796 tamen.
683 753 785 797 Non
823 754 984 797 rectius
1019 754 1115 806 hoc,
1146 754 1183 796 si
1223 753 1452 823 propriam
1490 751 1613 794 verbi

97 811 468 858 constructionem
507 816 692 866 spectes,
723 812 902 861 dicitur,
940 824 1072 865 quam
1091 814 1241 868 κρατεῖν
1262 827 1359 853 τινος
1389 810 1464 854 sed
1486 812 1532 850 et
1562 810 1612 851 il-

96 865 177 911 lud
196 870 264 910 est
296 869 436 924 κράτος
466 869 563 911 τινὸς
595 870 713 922 ἐ’χειν,
749 873 794 912 et
833 871 915 913 hoc
950 870 1120 923 κάτοχόν
1154 885 1248 910 τινος
1281 865 1383 910 εἶναι.
1442 865 1614 910 Vellem

97 921 361 969 Schaeferus
391 926 527 968 etiam
554 939 600 982 p.
621 925 722 969 243.
744 931 790 969 et
808 927 906 969 274.
938 939 1026 969 non
1045 927 1157 969 satis
1175 925 1421 974 habuisset,
1451 927 1615 980 τρύχεσ-

99 977 170 1025 &aa
195 981 290 1025 τινὸς
330 986 376 1026 et
397 989 598 1038 στεφανοῦν
618 985 774 1033 πίτυος,
804 987 872 1027 vel
894 998 993 1038 quae
1012 985 1177 1027 similia
1197 988 1316 1032 sunt,
1339 981 1503 1026 Graecae
1530 982 1615 1024 lin·-

99 1051 200 1091 guae
240 1042 447 1096 proprias
487 1043 836 1085 constructiones
878 1043 1117 1098 appellare.
1195 1040 1314 1083 Nam
1351 1041 1459 1094 quid
1494 1039 1617 1081 aliud

102 1095 239 1141 etiam
260 1099 437 1155 ellipses
473 1102 607 1141 sunt?
641 1098 782 1142 Immo
813 1101 860 1142 id
890 1101 1212 1154 requirebatur,
1231 1102 1283 1143 ut
1301 1098 1614 1145 declararetur,

98 1165 235 1207 quam
254 1158 473 1201 rationem
492 1157 559 1197 hae
577 1159 927 1201 constructiones
949 1159 1177 1204 haberent,
1212 1170 1301 1211 quo
1320 1157 1489 1198 tirones
1527 1167 1616 1197 non

99 1214 194 1255 tam
224 1225 301 1258 eas
328 1214 591 1263 ediscerent,
621 1228 755 1268 quam
789 1216 1102 1269 intelligerent.
1161 1213 1242 1256 Est
1274 1226 1377 1255 vero
1407 1214 1479 1255 hic
1508 1224 1617 1266 quo-

99 1279 187 1322 que
206 1269 284 1312 illa
314 1271 502 1316 duarum
536 1273 840 1326 loquutionum
873 1273 1160 1322 commutatio
1189 1272 1452 1320 adhibenda,
1483 1283 1617 1323 quum

100 1325 333 1380 ψύχεσθαι,
362 1327 552 1381 καίεσθαι,
585 1332 732 1375 ἁλῶναί
764 1348 875 1379 τινος,
907 1335 1110 1384 στεφανοῦν
1139 1331 1294 1377 πίτυος,
1325 1329 1428 1371 inde
1467 1328 1617 1371 dican-

98 1385 189 1432 tur,
225 1385 344 1438 quod
366 1398 447 1440 pro
480 1387 599 1429 hisce
635 1388 782 1429 verbis
798 1401 921 1430 mens
946 1388 1179 1430 substituit
1198 1388 1288 1428 alia
1309 1387 1460 1434 verba,
1474 1385 1615 1428 veluti

98 1437 235 1489 πόθον,
252 1442 378 1497 ’ἔρωτα
397 1443 501 1496 ’ἔχειν
529 1443 643 1492 τινὸς,
674 1447 852 1498 στέφανον
874 1443 1080 1486 ἐπιτιθέναι
1100 1446 1250 1485 πίτυος.
1310 1442 1462 1487 Minus
1483 1443 1617 1485 etiam

99 1497 321 1545 satisfacit
341 1499 607 1544 Schaeferus
640 1515 686 1557 p.
711 1501 781 1544 76.
802 1503 879 1545 ubi
900 1503 1033 1544 verba
1051 1499 1077 1556 ᾗ
1095 1500 1221 1543 ποδῶν
1251 1502 1353 1554 ἔχει,
1382 1502 1437 1542 de
1455 1500 1617 1555 quihus
1633 1504 1712 1548 124

99 1555 238 1598 miras
273 1557 354 1600 alii
389 1559 663 1611 conjecturas
696 1561 987 1614 protulerant,
1030 1561 1092 1602 sic
1125 1559 1330 1613 explicat,
1357 1562 1408 1600 ut
1425 1557 1617 1600 nondum

100 1616 272 1662 tamen,
300 1615 418 1658 unde
437 1615 659 1668 genitivus
676 1619 864 1665 venerit,
894 1618 1061 1659 clarum
1080 1629 1175 1659 esse
1207 1617 1423 1659 videatur.
1480 1617 1618 1669 Atqui

101 1682 150 1712 re
180 1683 286 1717 vera
311 1684 382 1713 res
416 1672 482 1714 ita
502 1673 748 1726 cogitatur:
781 1674 858 1715 οἵαν
886 1675 1078 1717 ποιότητα
1106 1672 1232 1714 ποδῶν
1266 1674 1379 1726 Exn:
1411 1676 1462 1715 ut
1483 1686 1620 1726 quum

100 1723 253 1771 Latini
293 1729 466 1781 dicunt,
507 1728 584 1772 ubi
619 1729 830 1786 gentium,
861 1745 908 1773 eo
949 1729 1229 1773 temeritatis:
1260 1731 1376 1784 quod
1414 1731 1522 1783 quid
1554 1737 1620 1774 est

100 1785 223 1826 aliud
241 1798 374 1840 quam
398 1800 480 1844 quo
513 1786 564 1828 in
591 1786 684 1831 loco
701 1787 913 1843 gentium,
948 1788 1007 1830 ad
1043 1801 1166 1844 quem
1251 1787 1380 1830 adum
1409 1785 1619 1839 temen‘tffi

102 1840 193 1884 tis?
225 1840 300 1884 Sic
332 1857 412 1885 nos
444 1858 646 1899 quoque:
679 1844 818 1887 wolzer
851 1846 923 1888 des
953 1845 1134 1888 landes?
1210 1859 1265 1887 on
1293 1850 1360 1887 est
1379 1850 1527 1888 tamen
1556 1847 1620 1888 sic

101 1899 415 1958 intelligendus
434 1900 667 1958 Euripides
690 1905 738 1947 in
760 1902 936 1946 Electra
955 1918 996 1945 v.
1022 1902 1146 1946 1294.
1201 1902 1394 1957 Ἀχαΐδας
1409 1906 1484 1952 γῆς
1499 1902 1619 1949 οἴκαδ’

33 1966 38 1973 ’
104 1958 156 1998 εἷς
173 1961 385 2014 ωορευέτω,
407 1960 484 2005 Sed
504 1961 569 2002 ibi
598 1959 792 2015 Ἀχαιΐδος
821 1965 895 2011 ’γῆς
913 1962 1108 2016 pertinet
1134 1960 1191 2002 ad
1211 1963 1470 2017 εἰστορευέτω,
1503 1962 1620 2014 quod

103 2016 383 2072 θεῖ’ωορευέτω
414 2017 499 2058 εἴσω
525 2017 721 2072 Ἀχαιΐδος
739 2022 827 2069 γῆς,
856 2018 994 2061 οἴκαδε.
1055 2018 1171 2062 Vide
1189 2032 1287 2072 quae
1322 2017 1617 2060 Schwebelius

101 2073 256 2117 attulit
292 2087 337 2128 p,
375 2073 476 2116 474.
537 2073 651 2118 Illud
689 2089 790 2118 vero
828 2077 1019 2121 maxime
1063 2077 1259 2119 omnium
1299 2077 1452 2126 miror,
1501 2077 1618 2129 quod

103 2141 239 2182 quum
267 2134 337 2173 tot
367 2132 508 2174 falsas
544 2133 722 2188 ellipses
767 2135 986 2188 expulerit
1016 2134 1294 2182 Schaeferus,
1343 2136 1437 2190 ipse
1467 2137 1617 2175 tamen

100 2188 389 2244 participium
410 2192 532 2239 λέγων
560 2203 606 2247 p.
651 2191 743 2233 153.
775 2192 1109 2244 intelligendum
1138 2192 1371 2241 censuerit,
1397 2191 1472 2235 ubi
1496 2192 1616 2234 nulla

99 2257 282 2301 prorsus
299 2247 447 2303 ellipsi
469 2261 582 2303 opus
601 2253 685 2297 est,
717 2250 755 2290 si
776 2251 1112 2292 usitatissimam
1135 2250 1258 2292 illam
1278 2249 1616 2292 constructionis

98 2305 389 2347 mutationem
429 2306 654 2347 adhibeas.
715 2305 802 2349 Sed
839 2307 1048 2349 nimirum
1090 2306 1299 2349 Brunckii
1346 2320 1444 2349 eum
1480 2310 1614 2361 atque

102 2359 290 2407 aliorum
325 2363 464 2406 movit
502 2364 760 2412 auctoritas,
790 2366 861 2406 cui
900 2378 1049 2407 vereor
1080 2378 1135 2407 ne
1171 2366 1238 2407 vir
1267 2364 1614 2407 modestissimus

101 2429 218 2473 saepe
257 2419 442 2463 nimium
477 2421 662 2463 tribuat.
735 2421 977 2464 Videamus
1015 2424 1150 2470 locos,
1198 2435 1306 2476 quos
1334 2423 1478 2464 affert.
1535 2420 1613 2463 So-

102 2474 283 2529 phocles
319 2476 364 2518 in
385 2477 521 2531 Ajace
552 2493 590 2520 v.
622 2478 722 2521 726.
784 2477 871 2520 Εἶτ’
913 2480 1075 2522 ὀνείδεσιν
1101 2479 1301 2536 ”Ηρασσον
1332 2479 1433 2522 ’ἐνθεν
1459 2477 1610 2527 κᾶνῧεν,

102 2532 203 2574 οὔτις
230 2531 314 2574 ἐ’σ5’
351 2532 389 2574 ὃς
421 2535 478 2583 οὓ,
496 2533 573 2577 Τὸν
605 2542 673 2578 τοῦ
701 2539 883 2585 μανέντος
901 2541 1205 2586 κατιβουλευτοῖ)
1230 2543 1394 2593 στρατοῦ
1422 2539 1610 2585 Ξύναιμον

102 2591 400 2643 ἀποκαλοῦντες,
431 2594 480 2633 ὣς
515 2596 581 2634 οὐκ
613 2597 759 2649 ἀρκέσω
788 2593 847 2634 Τὸ
866 2595 927 2643 μὴ
965 2599 1007 2637 οὐ
1040 2599 1208 2651 πέτροισι
1243 2600 1328 2638 πᾶς
1355 2592 1612 2645 καταξανὲεὶς

97 2645 237 2689 θανεῖν.
300 2645 388 2691 Hic
425 2663 523 2692 vero
541 2651 676 2693 verba.
710 2654 760 2693 ὡς
793 2655 861 2692 οὐκ
899 2655 1042 2708 ἀρκέσαι
1079 2666 1167 2696 non
1205 2666 1305 2695 cum
1338 2654 1609 2708 praecedente

97 2705 338 2759 participio
375 2710 672 2756 ἀποκαλοῦντες,
701 2714 754 2751 ut
801 2709 1062 2753 Schaeferus
1091 2714 1272 2765 putasse
1310 2712 1500 2759 videtur,
1530 2709 1605 2751 sed
1621 2714 1699 2756 125

100 2773 200 2804 cum
241 2764 385 2805 verbis
419 2765 582 2806 ὀνείδεσιν
613 2764 769 2822 ἥρασσον
802 2769 1030 2821 jungenda
1073 2773 1196 2811 sunt:
1243 2781 1427 2822 quorum
1469 2780 1606 2820 quum

100 2831 186 2864 non
206 2821 321 2863 alius
339 2822 396 2862 sit
416 2835 585 2872 sensuS,
613 2836 746 2875 quam
773 2825 1006 2881 ὀνειδίζοντες
1033 2827 1178 2875 ἔλεγον,
1209 2828 1314 2880 quid
1332 2825 1443 2881 opus
1461 2829 1526 2866 est
1548 2825 1605 2866 ad

99 2877 275 2932 ellipsin
304 2879 572 2934 confugere?
603 2880 704 2924 Non
727 2883 818 2925 alia
844 2888 911 2925 est
929 2881 1157 2939 Euripidei
1187 2885 1270 2927 loci
1305 2883 1601 2927 constructio:
