1838 3164
439 153 760 196 PLEONASMI
789 151 1283 194 CONJUNCTIONUM.
1543 151 1622 198 129

75 294 79 297 ,
103 267 423 318 animadvertit,
451 267 501 324 2)
531 266 648 310 socio
675 271 872 309 monente
899 264 1077 308 meliora
1111 266 1291 310 con-§ilia
1318 266 1448 325 capit.
1512 268 1619 314 Haec

101 329 189 370 duo
205 328 486 382 postulantur
505 330 688 380 propter
705 325 911 380 opposita
928 325 974 366 in
1003 325 1132 366 tertio
1165 338 1307 374 versu,
1338 329 1446 367 ἀλλά
1467 345 1510 369 τε
1531 333 1617 371 etc.

101 385 135 427 i.
156 399 196 428 e.
231 391 280 428 at
295 391 406 427 certe
439 384 480 439 1)
498 389 540 426 et
560 381 726 425 tardius
745 380 969 438 intelligit,
987 381 1035 437 2)
1067 388 1109 424 et
1141 381 1359 436 infirmius
1385 384 1614 428 consilium

100 442 235 486 habet.
294 441 381 484 Sed
399 443 556 484 mirum
582 444 664 492 est,
695 441 814 492 quod
831 442 964 494 poeta
980 453 1062 495 pro
1090 439 1223 481 ὅππως
1243 459 1282 481 κ.
1302 441 1348 495 ’έῃ
1380 453 1469 484 non
1499 444 1615 486 hunc

99 513 279 543 sensum
298 500 544 556 expressit:
576 498 640 538 καὶ
659 500 892 553 πυκνοτέραν
924 497 1161 551 μῆτιηὲχει.
1220 497 1291 540 An
1309 498 1344 539 f.
1367 511 1450 553 pro
1479 500 1614 542 ὅππως

97 556 332 612 legendum
350 559 498 611 χῶπως
513 558 533 598 2
561 553 635 597 Sic
653 556 771 596 enim
800 555 1008 610 opposita
1038 559 1315 604 constarent;
1353 555 1395 612 1)
1419 563 1460 599 et
1479 556 1614 600 citius

97 616 309 670 intelligit
326 627 458 663 unus,
491 626 624 666 quam
656 613 786 661 alter,
817 612 866 668 2)
900 618 958 661 et,
993 611 1204 669 quomodo
1235 613 1500 657 commodum
1531 614 1610 664 sit,

94 673 318 726 intelligit.
379 671 589 725 Sequitur
618 671 851 725 repetitum
882 686 940 722 τε,
978 670 1097 724 quod
1129 676 1180 712 ut
1210 673 1452 726 repetitum
1479 673 1614 717 facile

96 731 362 774 defenditur.
421 727 494 772 Cf.
531 727 578 769 S.
603 728 638 770 l.
661 732 705 770 et
726 726 832 769 ΚΑΙ
872 727 908 769 1.
943 733 989 770 et
1021 727 1065 770 3.
1124 725 1240 770 Tum
1271 728 1372 784 εἴπερ
1403 748 1446 771 τε
1481 749 1514 772 ν.
1545 735 1614 773 est

95 789 129 831 i.
149 802 193 844 q.
227 786 305 829 εἴπ’.
326 786 393 828 καὶ
419 805 449 829 ν.
480 785 652 828 etiamsi
688 785 756 827 vel
788 785 971 828 maxime
1000 783 1328 828 animadvertat.
1389 785 1476 830 Pro
1505 790 1614 830 ἀλλά

95 863 157 900 τε,
183 845 261 888 ubi
281 843 346 888 Ill.
367 844 522 900 Heyne
544 861 585 884 τε
604 844 778 885 videtur
796 844 1039 899 exprimere
1058 844 1285 898 particulis
1314 843 1382 886 vel
1397 845 1476 894 sic,
1507 846 1614 889 fort.

95 915 180 946 scr.
205 904 315 944 ἀλλά
332 921 377 952 εγε
397 903 439 944 *.
500 900 779 944 Postremum
798 900 836 942 δέ
855 918 898 942 τε
927 901 1116 943 refertur
1128 902 1186 942 ad
1204 903 1484 953 antecedens,
1502 909 1555 946 ut
1571 906 1611 946 si

95 960 265 1003 dictum
282 962 343 1003 sit
361 964 426 1016 βρ.
441 962 512 1010 μέν
532 976 574 1000 τε
591 977 623 1002 ν.
684 958 802 1001 Nam
815 959 887 1008 μὲν
906 972 1019 1015 saepe
1037 959 1278 1008 omittitur,
1291 960 1368 1003 ubi
1389 962 1612 1018 oppositio

96 1031 180 1074 per
197 1031 246 1061 se
264 1019 384 1061 clara
403 1023 486 1060 est.

154 1076 199 1118 8.
230 1077 350 1128 Quid
370 1078 508 1118 vero?
538 1090 644 1119 num
665 1076 761 1117 ὥστε
784 1076 829 1117 h.
851 1076 881 1117 l.
915 1074 1186 1128 tangendum
1205 1078 1292 1124 est,
1329 1080 1378 1118 ut
1397 1078 1611 1133 composi-

95 1137 195 1176 tum
212 1147 268 1176 ex
295 1137 346 1176 ὡς
373 1137 419 1175 et
449 1152 508 1182 τε,
542 1136 669 1188 cujus
704 1134 924 1188 posterior
955 1145 1058 1187 pars
1090 1133 1317 1175 abundare
1351 1135 1490 1178 soleat
1506 1138 1525 1177 ‘l
1553 1149 1614 1179 an

94 1192 260 1246 ubique
291 1205 374 1247 pro
396 1205 486 1233 una
522 1205 627 1234 voce
660 1192 924 1239 habendum,
954 1191 1042 1232 nisi
1075 1191 1201 1232 sicuti
1234 1192 1394 1247 copula
1421 1195 1615 1247 praemit-

93 1249 227 1292 tenda
245 1250 522 1292 desideratur
554 1254 597 1292 et
622 1250 723 1291 inde
757 1249 899 1303 repeti
933 1249 997 1289 sic
1029 1253 1191 1302 potest,
1226 1254 1278 1291 ut
1295 1250 1514 1292 scribatur
1545 1252 1614 1292 di-

93 1308 202 1359 vise,
222 1307 273 1348 ὥς
291 1324 334 1348 τε
350 1311 370 1349 ‚⁹
426 1306 562 1349 Talia·
575 1320 752 1362 prorsus
772 1308 1002 1361 explorare
1017 1306 1196 1349 ἀνήνυτον
1207 1307 1312 1362 ’ἔργον
1341 1308 1477 1362 puto.'
1523 1308 1612 1351 Sed

92 1367 244 1407 tamen
274 1377 418 1412 sum0‚
449 1369 494 1406 et
522 1365 645 1406 valde
679 1365 910 1418 probabile
942 1375 1036 1404 esse
1068 1364 1253 1411 affirmo,
1283 1365 1360 1406 ubi
1391 1366 1611 1419 significet

89 1420 219 1471 sieut,
240 1422 520 1464 scribendum
538 1434 633 1463 esse
657 1422 771 1470 ὥστε,
804 1426 849 1462 et
879 1420 1166 1475 posteriorem
1194 1423 1459 1475 particulam
1493 1428 1612 1465 recte

90 1479 206 1522 inter
236 1480 513 1534 pleonasmos
542 1480 712 1521 referri.
772 1477 888 1520 Sunt
920 1480 1069 1518 autem
1101 1483 1333 1531 poetarum
1361 1481 1609 1534 particulae,

93 1550 119 1578 e
147 1538 308 1591 quibus
326 1538 459 1578 facile
477 1541 541 1578 est
559 1538 754 1591 arripere
773 1535 971 1589 exempla
1002 1547 1136 1587 quam
1166 1537 1380 1590 plurima:
1413 1536 1525 1579 Iliad
1557 1537 1612 1580 Γ.

92 1593 167 1637 23.
189 1593 252 1636 Π.
272 1593 369 1636 633.
391 1593 572 1636 Hesiod.
596 1594 717 1634 Ἀσπ.
738 1592 841 1634 405.
902 1591 1052 1646 Eurip.
1075 1591 1228 1634 Phoen.
1249 1592 1370 1634 1750,
1431 1593 1609 1638 Gallim.

93 1653 141 1693 in
179 1650 280 1693 Cer.
321 1650 394 1694 29.
467 1649 572 1692 Jam
602 1667 643 1691 τε
675 1663 761 1692 non
796 1655 847 1691 ut
881 1650 1048 1702 syllaba
1081 1650 1415 1702 significationis
1459 1666 1615 1706 expers

92 1710 231 1764 priori
250 1709 525 1763 adjungitur,
555 1709 630 1750 sed
662 1713 729 1749 est
767 1708 799 1748 i.
822 1720 865 1760 q.
895 1706 976 1754 καὶ,
1015 1704 1173 1747 etiam.-
1202 1713 1247 1749 et
1279 1721 1358 1749 usu
1395 1722 1613 1764 sensuque

92 1768 191 1822 ipso
211 1767 284 1808 hie
317 1767 598 1822 pleonasmus
627 1766 821 1820 pertinet
840 1764 896 1805 ad
926 1763 989 1803 καὶ
1010 1763 1124 1804 Sect.
1156 1763 1199 1805 2.
1262 1764 1365 1807 Alia
1390 1771 1458 1808 est
1489 1766 1610 1809 Hoo-

91 1825 274 1877 geveeni
293 1825 546 1879 explicatio,
578 1836 677 1876 quae
698 1823 848 1864 multis
874 1822 1017 1862 verior
1036 1825 1182 1875 potest
1205 1822 1360 1864 videri.
1416 1822 1535 1877 Ergo
1564 1830 1610 1867 et

94 1881 207 1924 hanc
223 1882 474 1935 adjungam.
534 1881 585 1923 In
605 1881 856 1934 exemplum
876 1879 948 1920 ille
979 1880 1203 1932 proposuit
1230 1878 1357 1921 Iliad.
1396 1879 1432 1922 Ι.
1473 1881 1541 1924 14.
1565 1882 1611 1924 ἂν

92 1938 128 1980 δ’
144 1938 409 1988 Ἀγαμέμνων
433 1940 570 1981 ἵστατο
598 1938 836 1994 δακρυχέων,
867 1937 963 1977 ὥστε
999 1936 1115 1991 κρήνη
1136 1937 1391 1992 μελάνυδροςε
1422 1941 1610 1982 surrexit

45 2003 51 2009 ’
93 2003 239 2039 autem
270 1995 566 2053 Agamemnon
583 1994 781 2053 fundens
810 1992 1025 2044 lacrimas,
1050 1992 1159 2035 sicut
1180 1991 1289 2050 fons
1317 1994 1443 2052 aquis
1472 1996 1608 2052 niger.

94 2053 145 2096 In
164 2054 248 2096 hoc
265 2055 568 2109 similibusque
590 2054 757 2106 aliquid
776 2056 880 2094 ante
912 2053 960 2091 ὡς
981 2051 1126 2105 ellipsi
1159 2065 1459 2106 suppressum,
1493 2057 1612 2108 quod

92 2112 268 2154 viuculo
295 2113 523 2167 particulae
555 2130 596 2153 τε
628 2124 728 2154 cum
765 2109 1052 2163 sequentibus
1086 2115 1388 2159 connectatur,
1419 2113 1610 2167 intelligi

93 2169 254 2212 debere
271 2171 445 2219 statuit,
474 2174 519 2212 et
547 2170 722 2224 plenius
742 2169 806 2209 ita
825 2168 912 2209 (fici
947 2179 958 2205 :
993 2165 1230 2221 δακρυχέων,
1261 2167 1326 2213 καὶ
1356 2171 1454 2209 οὕτω
1474 2169 1611 2226 δακρυ-

93 2230 216 2281 χέων,
237 2229 286 2269 ὧς
315 2227 443 2283 κρήνη.
517 2227 737 2269 Postremo
767 2225 918 2266 addit:
952 2229 981 2248 “
1004 2222 1053 2263 Si
1087 2224 1239 2278 itaque
1270 2226 1531 2280 simpliciter
1560 2231 1611 2270 ὦς

93 2291 127 2311 “
158 2285 275 2342 κρήνη
303 2285 506 2335 dixisset,
536 2285 778 2340 simplicem
810 2283 1155 2335 intelligeremus
1200 2285 1572 2336 comparationem
1595 2300 1608 2327 ε

98 2346 131 2369 “
162 2348 226 2392 at,
245 2357 346 2386 eum
366 2343 485 2386 dicat
505 2343 618 2391 ὥστε,
638 2342 835 2384 videmus
867 2345 1028 2394 praeter
1056 2341 1444 2393 comparationem,
1474 2345 1611 2385 etiam

98 2402 127 2426 ‘⁴
157 2401 571 2456 amplificationem3
615 2414 660 2454 q.
696 2400 738 2440 d.
771 2397 1006 2450 Lacrymas
1041 2395 1246 2445 fundens,
1279 2401 1324 2439 et
1358 2403 1486 2442 tanta
1513 2403 1610 2454 qui-

98 2464 130 2484 “
163 2459 264 2500 dem
285 2459 429 2513 copia,
448 2463 660 2511 quantam
679 2455 827 2498 fundit
855 2455 955 2495 fons
977 2466 1190 2509 aquarum
1218 2457 1402 2510 copiam.
1465 2457 1611 2502 Servit

100 2519 134 2542 “
162 2529 268 2571 ergo
303 2515 651 2570 amplificationi,
685 2527 782 2567 quae
817 2513 933 2567 perit
960 2512 1141 2553 absente
1180 2514 1266 2553 τε.”
1338 2512 1455 2571 Mihi
1486 2519 1611 2571 prior

96 2573 176 2616 illa
196 2574 329 2622 ratio,
347 2579 399 2616 ut
417 2573 677 2628 simplicior,
697 2577 742 2614 et
757 2584 781 2612 e
793 2583 990 2612 sermone
1008 2569 1270 2623 quotidiano
1290 2571 1465 2615 facilius
1483 2578 1608 2624 nata,

142 2705 164 2728 t
200 2696 289 2729 Mihi
316 2697 449 2739 penitus
477 2696 639 2738 persuasi,
661 2694 818 2727 librarios
882 2693 963 2726 ville
976 2695 1019 2726 ad
1039 2693 1272 2735 Charitonem,
1298 2696 1439 2728 Koenius
1458 2699 1500 2730 ad
1522 2699 1606 2731 Gre-

100 2742 234 2783 saepius,
248 2751 348 2782 quam
366 2741 486 2772 Critici
507 2740 647 2781 singulis
672 2739 705 2770 in
733 2738 816 2770 locis
880 2737 1013 2778 gotium
1028 2737 1156 2778 aliique
1178 2739 1274 2770 multi
1298 2739 1395 2771 alibi.
1440 2742 1494 2774 Sic
1513 2743 1604 2774 Aris.

99 2790 256 2823 statuunt,
280 2797 312 2815 τε
326 2784 479 2826 posuisse
505 2793 566 2824 pro
590 2795 636 2823 γε,
653 2781 815 2814 facillimo
882 2782 977 2822 toph.
1004 2782 1148 2813 Acharn.
1178 2784 1253 2814 598.
1284 2793 1398 2814 verum
1427 2791 1477 2816 est
1514 2786 1602 2816 haud

98 2838 180 2859 nane
194 2838 305 2859 errore
321 2842 332 2860 ι
353 2827 552 2869 quantulum
565 2826 656 2858 enim
679 2825 816 2856 interest
882 2824 983 2856 dubie
1010 2823 1156 2865 κόκκυγές
1172 2838 1208 2866 γε
1230 2828 1302 2869 τρεῖς
1330 2837 1391 2868 pro
1404 2830 1496 2869 vulg.
1524 2843 1555 2860 κ.
1571 2841 1604 2861 τε

98 2871 184 2916 inter
204 2872 267 2903 TE
281 2877 315 2903 et
330 2874 401 2905 1⁸13?
422 2870 549 2902 Passim
580 2875 668 2901 certe
691 2869 724 2900 id
747 2868 817 2899 fac-
884 2870 967 2911 τρεῖς.

99 2919 173 2947 tum
193 2924 280 2954 esse,
291 2919 490 2948 monuerunt
511 2913 573 2948 viri
600 2911 703 2951 docti,
729 2912 816 2944 Dor-

1271 2964 1353 3006 ‘x
