1838 3164
625 165 690 206 IN
715 149 920 206 eRAEcA'
946 159 1171 206 LINGUA,
1568 157 1649 207 183

139 283 292 331 ἂκταῗς,
322 279 389 325 032
421 279 496 329 oizi,
526 280 614 322 ἀλλ’
650 276 787 319 ἄλλοτ’
825 277 859 319 ἐν
891 278 1026 320 πόντου
1056 279 1194 334 adzela?
1225 276 1352 326 Quod
1369 279 1407 320 si
1428 278 1640 333 sapImus,

139 341 378 384 fatebimur
420 338 531 381 nihil
576 349 668 379 esse
706 336 930 384 omissum,
975 335 1050 377 sed
1096 335 1369 391 Polydorum,
1408 341 1641 390 postquam

138 399 341 446 universe
365 397 538 441 dixerat
565 408 610 437 se
641 394 883 449 projectum
913 405 1007 434 esse
1039 394 1084 434 in
1113 394 1274 442 littore,
1305 394 1556 435 accuratius·
1569 388 1640 436 de-

137 448 375 510 scribendae
403 455 466 497 rei
489 459 648 500 ‚caussa
679 451 832 491 deinde
873 451 1060 503 adjicere
1100 449 1236 491 ἄλλοτ’
1279 452 1313 492 ἐν
1342 452 1485 492 ωόντου
1516 452 1637 508 σάλῳ,

138 511 291 568 Neque
312 513 402 556 ulla
421 514 488 553 est
507 511 673 564 lingua,
699 508 808 562 quin
843 508 995 550 eodem
1023 506 1150 552 modo
1179 509 1270 552 haec
1299 508 1532 552 enunciare
1570 520 1639 550 so-

137 570 239 613 leat.

193 623 296 670 Non
316 628 498 670 meliora
516 627 634 672 sunt,
651 636 747 677 quae
761 623 814 664 de
834 624 1068 665 omissione
1082 623 1308 678 particuloe
1326 621 1368 664 ἂν
1388 623 1639 672 traduntur,

137 685 333 741 exparte
355 686 448 739 Jam
480 695 507 723 a
535 682 770 723 Schaefero
790 683 958 729 notata,
991 694 1121 735 quem
1140 681 1315 735 quidem
1345 681 1415 722 hic
1449 682 1640 723 maxime

137 755 158 784 s
191 751 413 793 eraveram
433 741 572 782 multa
592 753 616 780 e
636 739 843 780 doctrinae
874 752 962 782 suae
991 740 1210 780 thesauris
1244 739 1508 793 largiturum
1529 752 1638 780 esse.

134 755 346 852 Eguidem
381 800 491 840 satis
528 798 667 838 habeo
705 797 893 838 breviter
921 797 1150 845 indicasse,
1180 797 1298 852 quod
1330 797 1538 849 longioris
1572 800 1640 838 est

134 858 461 912 disputationis,
492 855 753 910 particulam
786 851 827 894 ἂν
859 854 914 895 ab
935 855 1126 906 antiquis
1156 855 1219 895 sic
1249 867 1342 895 esse
1361 857 1637 908 usurpatam,

134 918 186 956 ut
202 915 315 957 'nihil
348 915 403 955 ad
428 913 545 954 verbi
573 912 748 953 modum
782 911 1032 965 pertineret.
1094 910 1238 959 Quare
1259 912 1397 952 sicubi
1418 911 1639 967 optativus

134 970 203 1015 vel
223 972 526 1025 conjunctivus
542 971 608 1011 vel
636 969 770 1010 etiam
801 968 1061 1010 indicativus
1090 970 1310 1010 invenitur
1340 981 1393 1010 ea
1421 969 1639 1023 particula

135 1027 383 1077 destitutus,
420 1029 483 1071 ita
503 1033 567 1070 est
597 1026 963 1074 existimandum,¹
987 1027 1099 1067 hanc
1126 1026 1386 1082 particulam
1421 1038 1509 1067 non
1543 1036 1639 1067 esse

134 1086 345 1134 additam,
366 1099 451 1128 non
471 1086 622 1132 etiam,
642 1084 851 1124 omissam
871 1096 981 1124 esse.

194 1142 341 1186 Multo
374 1145 500 1198 pejus
536 1142 597 1183 ἐὰν
632 1142 767 1183 etiam
800 1153 898 1183 cum
930 1140 1172 1182 soloecismo
1198 1140 1532 1193 intelligendum
1558 1152 1639 1194 pu·

134 1202 247 1244 tavit
265 1201 577 1254 Schoetgenius
598 1199 643 1240 in
659 1198 910 1253 ‚hujusmodi
930 1198 1167 1252 exemplis:
1201 1197 1330 1239 δοῦλος
1361 1196 1546 1242 ἐκλήθης·
1578 1196 1638 1244 μή

137 1275 190 1300 σοι
208 1261 386 1307 μελέτωε
424 1259 442 1301 l
466 1257 564 1299 Cor.
588 1257 661 1298 vii.
688 1254 758 1297 21.
789 1255 865 1297 ubi
895 1260 1010 1297 recte
1042 1255 1217 1309 quidem
1251 1259 1400 1297 monet
1424 1255 1638 1297 'Schaefe-
1654 1256 1732 1300 180

136 1329 230 1364 ruS,
261 1329 349 1358 non
374 1328 485 1371 opus
505 1327 598 1355 esse
616 1313 778 1369 ellipsi,
809 1314 1025 1411 sapriora
1056 1314 1189 1353 verba
1218 1325 1297 1367 per
1331 1313 1639 1366 interrogatio·
1711 1350 1717 1354 ,

136 1380 239 1414 nem
259 1373 376 1415 dicta
394 1373 694 1427 accipiantur:
726 1371 800 1411 sed
865 1371 870 1378 ”
916 1371 996 1411 hoc
1026 1370 1205 1423 quidem
1234 1383 1408 1411 necesse
1428 1374 1507 1421 est,
1536 1370 1642 1423 quia

135 1431 271 1472 etiam
299 1435 436 1484 quum
460 1431 554 1470 sine
575 1428 916 1480 interrogatione
934 1428 1230 1481 proferuntur,
1260 1428 1419 1468 statim·
1439 1431 1640 1482 apparet,

135 1501 230 1529 rem
264 1489 378 1530 sumi
409 1484 710 1528 tantummodo
740 1489 790 1525 ut
820 1488 978 1531 actam,
1010 1497 1096 1525 non
1125 1488 1175 1525 ut
1204 1497 1251 1525 re
1270 1496 1372 1525 vera
1401 1488 1545 1527 actam
1574 1497 1641 1524 re-

138 1544 260 1588 ferri.
337 1544 484 1598 Atque
506 1544 577 1584 hic
612 1555 783 1596 quoque
817 1554 922 1583 usus
956 1542 1199 1583 communis
1237 1543 1303 1582 est
1330 1542 1526 1582 omnium
1559 1542 1641 1582 lin-

136 1614 336 1656 guarum.

192 1658 264 1701 Ob
296 1659 430 1701 aliam
462 1669 662 1699 caussam
696 1669 720 1696 e
756 1667 935 1710 numero
980 1655 1202 1708 ellipsium
1252 1655 1531 1705 eximendum
1573 1654 1640 1696 est

137 1717 235 1766 hoc,
265 1717 355 1766 «γόνυ
375 1716 537 1764 κνήμης,
568 1714 643 1754 ubi
665 1713 786 1761 ’ένγνγιον
814 1725 901 1752 non
928 1722 1007 1766 per
1027 1712 1221 1766 ellipsin,
1253 1713 1328 1752 sed
1359 1718 1438 1767 per
1468 1711 1640 1765 aposio-

134 1775 263 1830 pesin
282 1774 530 1815 omittitur:
560 1771 676 1824 quod
703 1770 908 1823 frequens
940 1782 1033 1810 esse
1060 1770 1106 1810 in
1125 1769 1367 1823 proverbiis
1397 1781 1531 1823 supra
1565 1769 1640 1811 ob-

134 1843 418 1874 servavimus.

194 1887 350 1944 Neque
370 1889 461 1930 ulla
480 1890 548 1928 est
566 1885 791 1941 particulae
811 1884 876 1926 ἕως
895 1884 1062 1938 ellipsis
1082 1885 1127 1925 in
1147 1884 1227 1925 hoc
1246 1883 1462 1937 exemplo,
1490 1883 1639 1931 μείναν-

75 1967 81 1973 ·
135 1964 198 1988 τες
217 1946 410 1996 ἅπολῆξαι
431 1944 475 1985 τὸ
494 1942 704 1991 κλυδώνιον,
734 1943 840 1994 quia
860 1942 1099 1982 infinitivus
1120 1942 1238 1982 solus
1258 1954 1336 1996 per
1355 1953 1400 1981 se
1425 1940 1639 1993 significat

134 2009 183 2046 ut
201 2002 371 2061 aliquid
381 2002 483 2058 fiat,
513 2000 629 2055 quod
649 2001 725 2041 ubi
745 2001 798 2040 de
816 1999 1108 2053 exspectando
1128 2012 1270 2040 sermo
1290 2000 1370 2046 est,
1391 2001 1543 2052 sponte
1562 2010 1640 2052 ap-

134 2068 262 2117 paret
280 2060 553 2103 tantumdem
574 2071 667 2099 esse
682 2070 731 2098 ac
751 2056 883 2098 donec
902 2054 1069 2111 aliquid
1088 2055 1188 2110 fiat.
1568 2059 1570 2061 ’

194 2118 458 2174 Speciosior,
489 2130 567 2158 nec
595 2119 742 2156 tamen
765 2127 867 2154 vera
891 2115 1059 2168 ellipsis
1090 2118 1153 2154 est
1182 2113 1405 2168 particulae
1434 2110 1476 2159 ἢ,
1506 2114 1557 2153 ut
1590 2112 1638 2153 in

138 2174 236 2217 his:
269 2180 311 2217 οὐ
338 2178 456 2216 πλέον
496 2176 566 2217 τῆς
601 2174 752 2212 πόλεως
787 2170 959 2212 σταδίους
992 2173 1193 2225 ἀπέχοντα
1231 2171 1345 2212 ἑπτά·
1382 2170 1450 2212 ’ἐτη
1476 2168 1638 2218 γεγονὼς

135 2235 262 2275 πλείω
296 2232 572 2281 ἑβδομήκοντα.
631 2229 691 2270 At
722 2231 792 2270 hic
811 2232 981 2270 tantum
1001 2229 1126 2270 abest
1143 2232 1192 2269 ut
1211 2227 1236 2272 ἦ
1257 2228 1465 2268 omissum
1486 2226 1557 2274 sit,
1587 2229 1638 2266 ut

136 2290 278 2333 mavis
317 2289 541 2346 praegressi
592 2288 779 2330 nominis
822 2287 1041 2339 genitivus
1080 2288 1225 2326 mente
1268 2283 1402 2338 repeti
1448 2283 1636 2324 debeat:

137 2360 211 2389 στα
235 2350 310 2390 ίους
329 2349 529 2400 ἀπέχοντα
549 2348 591 2386 οὐ
610 2347 728 2386 πλέον
762 2344 864 2386 ἔπτοὶ
895 2341 1066 2383 σταδίων·
1096 2343 1165 2385 ἔτη
1197 2342 1357 2391 γεγονὼς
1386 2342 1511 2381 πλείω
1531 2339 1636 2387 ἑβδο-

136 2405 313 2453 μήκοντα
333 2407 441 2445 ἐτῶν.
500 2402 657 2456 Neque
677 2403 722 2443 in
745 2402 820 2442 illo
839 2401 1005 2454 ellipsis
1026 2403 1107 2448 est,
1129 2400 1300 2440 ἐλείπετο
1320 2398 1419 2439 οὐδὲν
1439 2398 1495 2438 ’ἔτι
1514 2397 1636 2439 αὐτὴν

137 2460 369 2515 φονεύεσθαι,
400 2461 506 2513 quia
538 2461 654 2501 solus
686 2473 765 2513 per
785 2472 830 2499 se
852 2458 1093 2499 infinitivus
1121 2457 1338 2508 significat
1373 2454 1430 2496 ad
1457 2467 1637 2511 pereun-

135 2519 251 2560 dum.
313 2517 475 2560 Parum
494 2517 641 2571 differt
671 2518 727 2558 ab
762 2517 843 2556 hoc
877 2516 972 2555 leco
1006 2516 1058 2562 is,
1088 2528 1215 2568 quem
1246 2527 1301 2555 ex
1319 2511 1543 2567 Euripidis
1562 2511 1637 2553 Al-

135 2577 298 2619 cestide
331 2590 373 2619 v.
408 2574 503 2616 896.
537 2574 687 2616 attulit
720 2573 1007 2615 Schaeferus:
1036 2570 1090 2613 Τι’
1118 2571 1192 2628 γάρ
1221 2571 1320 2627 ἀνδρὶ
1349 2570 1461 2611 κακὸν
1488 2570 1634 2626 μεῖζον,
1650 2574 1725 2617 181

134 2636 318 2691 ἁμαρτεῖν
352 2633 506 2677 Ham-»725
534 2633 710 2685 ἅλόχου;
741 2630 792 2672 In
826 2643 914 2684 quo
947 2631 1040 2671 loco
1068 2642 1202 2683 quum
1229 2633 1343 2670 recte
1362 2627 1536 2683 ellipsin
1556 2627 1636 2667 im-

135 2693 345 2745 probaret
365 2690 642 2737 Schaeferus,
665 2702 750 2730 non
767 2688 952 2730 debebat
972 2691 1120 2730 tamen
1141 2689 1205 2728 ita
1223 2699 1323 2728 eum
1341 2686 1604 2727 constituere
1622 2698 1633 2725 :

125 2747 349 2798 ”Εμντισας,
380 2749 398 2789 ὅ
421 2765 497 2796 μου
517 2749 649 2803 φρένας
669 2746 850 2797 ἥλκωσεν,
878 2743 950 2800 (Τί
967 2745 1041 2801 γὰρ
1062 2744 1160 2800 ἀνδρὶ
1181 2743 1292 2785 κακὸν
1311 2742 1438 2797 μεῖζον
1459 2743 1491 2798 3)
1512 2743 1638 2796 ἆμαρ-

135 2811 211 2849 τεῒν
248 2806 403 2851 Πιστῆς
441 2806 605 2858 ἀλόχου.
676 2804 776 2849 Quo
806 2803 932 2844 modo
961 2804 1037 2855 qui
1067 2803 1274 2856 loquutus
1301 2802 1376 2849 sit,
1406 2811 1555 2842 vereor
1589 2799 1639 2838 ut

136 2865 367 2920 quisquam
389 2863 570 2918 reperiri
597 2866 745 2917 queat.
804 2859 1020 2916 Expedita
1052 2863 1152 2902 sunt
1171 2859 1336 2907 omnia,
1366 2859 1403 2900 si
1424 2858 1485 2899 sic
1505 2857 1638 2897 inter-

134 2930 332 2995 pungas:
363 2919 418 2963 Τί
444 2921 519 2976 ’γὰρ
551 2918 651 2976 ἀνδρὶ
679 2918 790 2962 κακὸν
820 2918 947 2975 μεῖζον
974 2920 1173 2975 ἁμαρτεῖν,
1203 2916 1357 2961 Πιστῆς
1384 2915 1558 2969 ἀλόχους
1589 2915 1641 2953 ut

137 2991 276 3026 orm-ns
304 2980 455 3036 ἀλόχου
484 2991 571 3025 non
599 2990 655 3023 ex
684 2979 885 3035 ἁμαρτεῖν,
915 2977 991 3024 sed
1009 2990 1033 3023 e
1051 2976 1350 3033 comparativo
1379 2972 1506 3028 μεῖζον
1534 2983 1640 3030 pen-
