1838 3164
568 192 630 236 IN
656 191 856 237 GRAECA
883 190 1111 235 LINGUA.
1494 188 1575 235 177

75 302 243 358 inepta,
272 308 324 348 ut
354 319 490 361 quum
521 321 566 363 p.
583 307 681 349 443.
713 308 760 350 in
787 309 857 350 his
877 307 1028 361 Odyss.
1064 304 1116 346 Φ.
1148 303 1222 347 35.
1255 303 1363 347 Οὐδὲ
1398 307 1574 363 τραπέζῃ

77 357 237 405 rum„
255 365 455 417 ἀλλήλων,
482 365 545 407 ἐπὶ
565 365 752 418 intelligi
773 366 939 414 volunt,
966 363 1041 406 ubi
1062 363 1236 419 τραπέζῃ
1256 364 1472 406 ablativus
1491 370 1576 413 est,

167 432 367 463 mensam.

69 430 258 519 perfflter
269 479 407 522 dativi
431 493 555 526 usus,
583 478 658 532 qui
677 477 807 520 facile
825 479 963 520 videri
981 482 1125 534 potest
1140 479 1360 533 ellipticus
1388 491 1499 525 esse,
1530 478 1578 520 in

80 531 179 585 hac*
194 530 384 578 formula
413 541 496 585 est,
527 539 656 577 αὑτοῖς
675 539 752 576 τοῖς
782 537 909 577 ἵπποις
943 534 1331 591 κατακρημνισθῆναι,
1360 536 1479 591 quod
1513 539 1580 577 est

78 592 168 632 uim
181 603 276 634 cum
293 592 423 650 equis.
482 593 568 642 Qui
590 593 740 634 modus
773 594 979 646 loquendi
1015 594 1193 635 haberet
1213 606 1332 645 sane,
1364 592 1482 648 quod
1520 592 1579 633 ad

80 647 256 702 ellipsin
293 651 527 704 confugere
574 664 653 691 nos
700 655 892 704 cogeret,
940 652 1023 693 nisi
1061 651 1285 692 commode
1319 653 1444 704 origo
1484 651 1581 703 ejus

79 708 229 758 posset
256 707 455 750 indicari.
515 707 646 755 Nam,
674 713 724 749 ut
761 710 914 763 paucis
941 709 1217 762 complectar,
1249 708 1294 750 hi
1324 722 1411 749 non
1441 707 1582 749 dativi

83 766 203 811 sunt,
233 765 308 805 sed
326 765 507 807 ablativi
526 780 536 806 :
568 766 728 819 quibus
743 767 818 807 vix
836 766 1026 807 dubitari
1047 770 1207 820 potest,
1235 765 1343 818 quin
1370 765 1500 807 initio
1520 764 1584 805 sic

82 820 151 860 usi
165 820 347 869 suerint,
363 827 421 864 rut
439 827 556 865 recte
585 823 703 864 locus
725 828 837 866 esset
857 824 1064 864 ablativo.
1124 822 1194 865 Ita
1214 821 1435 864 Homerus
1455 820 1583 863 Iliad.

85 872 139 918 ¹1¹.
170 876 210 918 8.
239 877 360 920 Ἀλλ’
405 883 535 921 αὐτοῖς
562 881 703 921 ἵπποισι
750 880 815 922 καὶ
843 881 1003 935 ἅρμασιν
1047 878 1155 921 ἆσσον
1197 882 1313 931 ἰόντες
1351 879 1584 936 Πάτροκλον

83 934 294 984 κλαίωμεν,
323 937 354 977 i.
375 950 414 979 e.
446 936 552 994 ipsis
574 937 696 993 equis
721 943 763 980 et
781 951 906 980 curm
924 936 1178 985 accedentes,
1208 933 1285 980 ubi
1306 938 1405 990 equi
1426 942 1470 979 et
1490 949 1586 979 cur-

83 1000 156 1032 rus
188 995 416 1046 tamquam
450 996 751 1043 instrumenta,
786 1009 968 1049 quorum
1007 996 1173 1036 auxilio
1204 995 1496 1037 accedendum
1525 994 1589 1039 sit

85 1048 142 1089 ad
179 1062 349 1104 rogum,
383 1058 790 1095 commemorantur.
848 1053 934 1094 Sed
963 1053 1114 1093 eadem
1148 1066 1216 1094 res
1263 1065 1400 1106 quum
1449 1052 1588 1093 etiam

85 1105 149 1147 sic
169 1113 313 1149 mente
345 1111 516 1165 concipi
550 1115 714 1164 posset,
744 1124 794 1152 ac
815 1111 852 1151 si
873 1111 1006 1151 verba
1025 1112 1112 1151 ista
1130 1123 1223 1151 cum
1242 1108 1362 1165 equis
1393 1115 1436 1151 et
1465 1120 1589 1150 curru
1604 1109 1684 1154 165

86 1163 400 1216 significarent,
429 1168 597 1210 factum
640 1172 705 1209 est
733 1169 983 1222 paullatim,
1030 1171 1081 1208 ut
1109 1168 1308 1220 neglecto
1337 1167 1589 1209 discrimine

86 1220 158 1262 isti
189 1222 371 1264 ablativi
401 1226 536 1266 etiam
566 1226 628 1266 ibi
657 1229 987 1279 usurparentur,
1035 1225 1112 1266 ubi
1158 1225 1438 1266 instrumenti
1468 1224 1592 1265 notio

89 1278 235 1320 aliena
254 1285 386 1328 esset,
417 1287 467 1324 ut
485 1281 609 1324 Iliad.
642 1282 701 1323 Θ.
735 1282 834 1324 289.
865 1281 1019 1338 Πρώτῳ
1035 1298 1090 1322 τοι
1118 1284 1205 1330 μετ’
1228 1282 1296 1330 ἐμὲ
1314 1281 1520 1337 πρεσβῆῖον
1557 1282 1594 1322 ἔν

89 1334 431 1436 {affigi}
450 1339 684 1437 ‘egzs’ssizeffi
713 1337 1395 1438 fnw‘p
1414 1338 1500 1436 832¹
1526 1338 1594 1411 ,δᾶ

540 1411 551 1436 Ι
1513 1413 1595 1436 ανε-

91 1406 362 1508 χῶρησαῗᾳτῷ
401 1458 570 1509 στρατῷ,
615 1457 660 1494 et
701 1466 798 1505 quae
843 1453 1140 1506 hujuscemodi
1189 1425 1413 1506 exempla,
1435 1453 1597 1505 adjecit

91 1504 350 1550 Schaeferus
380 1522 423 1563 p.
444 1508 542 1551 465.
575 1511 651 1563 qui
689 1511 743 1558 si,
773 1510 888 1564 quod
908 1510 1052 1556 credo,
1084 1510 1249 1551 nullam
1269 1511 1314 1550 in
1334 1511 1402 1551 his
1422 1522 1519 1550 esse
1539 1511 1600 1550 el-

91 1562 227 1616 lipsin
247 1567 532 1614 existimavit,
563 1568 797 1609 admonere
815 1572 933 1609 certe
953 1580 1006 1607 ea
1029 1567 1082 1607 de
1112 1580 1159 1607 re
1179 1568 1384 1608 lectorem
1398 1567 1597 1608 debebat.

97 1617 159 1661 Hi
178 1622 354 1674 quidem
382 1628 533 1678 aperte
562 1628 664 1665 sunt
682 1625 880 1665 ablativi.
940 1623 1043 1665 Non
1078 1625 1220 1676 magis
1254 1625 1301 1664 in
1332 1625 1413 1666 hoc
1433 1623 1601 1665 Aristo·

96 1679 256 1732 phanis
276 1692 420 1728 versu,
442 1679 559 1722 Nub.
580 1680 680 1722 271.
711 1679 806 1722 Effr'
834 1680 1024 1721 Ὠκεανοῦ
1044 1681 1188 1735 πατρὸς
1209 1682 1243 1721 ἐν
1265 1681 1399 1724 κήποις
1417 1680 1506 1735 ἱερὸν
1526 1699 1601 1735 χο-

99 1733 157 1789 ρὸν
186 1735 320 1778 ἵστατε
341 1739 520 1790 νύμφαις,
549 1739 715 1792 ellipsis
749 1741 826 1785 est,
859 1737 935 1778 sed
970 1740 1132 1790 νύμφαις
1151 1737 1294 1778 nudus
1329 1743 1395 1779 est
1414 1738 1603 1786 dativus,

99 1794 224 1847 isque
242 1796 423 1849 propria
450 1796 535 1836 sibi
569 1796 913 1848 significatione:
947 1792 1159 1851 nymphis,
1191 1796 1218 1836 i.
1239 1808 1278 1836 e.
1317 1808 1457 1838 coram
1485 1808 1604 1852 nym-

92 1848 209 1906 phis,
228 1849 278 1893 in
296 1865 525 1909 earumque
537 1852 732 1895 honorem
752 1850 910 1894 ducitis
928 1851 1085 1895 choros.

573 1954 651 1996 XI.
682 1953 752 1996 De
778 1954 862 1997 Usu
880 1953 1135 1997 Accusativi.

160 2027 373 2071 Venimus
392 2029 579 2083 denique
598 2030 654 2070 ad
674 2031 988 2078 accusativum,
1027 2030 1072 2070 in
1103 2042 1192 2082 quo
1212 2030 1474 2083 explicando
1495 2030 1614 2072 haud
1636 2035 1640 2044 '

105 2088 245 2128 multo
265 2087 494 2142 pauciores
516 2088 692 2142 ellipses
722 2087 979 2140 excogitatae
1008 2089 1127 2133 sunt,
1162 2099 1295 2139 quam
1323 2088 1366 2128 in
1401 2088 1613 2141 genitivo.

108 2143 193 2186 His
212 2157 384 2198 quoque
402 2157 548 2186 carere
565 2157 794 2199 possumus
824 2145 1042 2194 omnibus,
1074 2143 1202 2196 idque
1223 2144 1448 2196 facillime,
1478 2158 1616 2199 quum

108 2203 236 2255 longe
256 2203 403 2243 minus
422 2202 694 2244 difficultatis
714 2202 761 2242 in
781 2203 1044 2248 accusativo,
1070 2213 1204 2254 quam
1224 2203 1270 2241 in
1292 2203 1503 2254 genitivo,
1538 2205 1614 2245 sit.
1629 2202 1706 2246 166

111 2257 265 2301 Omnis
285 2260 379 2312 ejus
396 2265 519 2308 usus»,
540 2261 617 2314 qui
638 2259 815 2312 quidem
836 2260 907 2300 hic
926 2258 1267 2300 considerandus
1289 2260 1364 2308 sit,
1395 2259 1505 2301 duas
1539 2260 1615 2302 ha-

109 2315 185 2358 bet
203 2317 380 2358 formas.

171 2373 342 2415 Harum
361 2374 507 2428 prima
526 2375 571 2415 in
603 2373 897 2427 permixtione
916 2374 1062 2427 posita
1096 2377 1162 2414 est
1193 2374 1378 2415 duarum
1400 2375 1619 2428 loquutio-

114 2443 238 2478 num,
278 2443 375 2483 quae
405 2433 517 2472 ratio
550 2435 675 2485 patet
713 2431 937 2472 latissime.
1016 2429 1227 2484 Exempla
1266 2434 1620 2474 commemorabi-

114 2501 211 2530 mus
231 2487 402 2540 aliquot
419 2501 444 2529 e
465 2487 585 2529 Bosii
621 2490 759 2530 libro:
790 2488 918 2541 ’ωηδᾷν
937 2487 1069 2536 πεδία,
1098 2487 1283 2542 ’ἔρχεσθαι
1303 2490 1464 2538 κλισίην,
1495 2488 1621 2532 ἄλλην

116 2544 247 2598 χθόνα
265 2546 443 2592 ἀποίσειν,
474 2545 595 2599 καιρὸν
615 2546 778 2598 ἐφήκεις,
807 2548 1046 2598 προπέμπειν
1079 2545 1172 2592 ὁδὸν,
1205 2548 1334 2589 στῆνοιι
1373 2549 1544 2602 wia-par:
1576 2561 1620 2588 v.

116 2615 162 2656 p.
181 2601 282 2644 421.
301 2601 399 2643 424.
426 2601 526 2643 425.
548 2600 645 2643 426.
666 2602 765 2643 427.
786 2601 885 2642 447.
909 2601 1009 2643 449.
1070 2600 1120 2642 In
1147 2603 1215 2644 his
1229 2603 1430 2644 omnibus
1450 2617 1625 2646 accusa-

116 2660 236 2701 tivus
255 2673 279 2701 e
298 2661 430 2702 verbo
449 2660 608 2714 pendet
626 2671 827 2715 occupare
841 2659 907 2700 vel
924 2657 1108 2701 obtinere
1127 2661 1417 2713 significante,
1436 2674 1518 2715 pro
1536 2675 1626 2716 quo

118 2718 299 2759 verbum
320 2718 500 2771 ponitur
518 2717 696 2758 modum
727 2717 934 2769 indicans,
968 2730 1054 2769 quo
1083 2718 1181 2769 quis
1222 2718 1342 2759 locus
1373 2725 1627 2773 occupetur.

120 2774 223 2817 Non
243 2775 417 2816 diversa.
442 2779 545 2816 sunt
570 2775 625 2815 ab
651 2774 733 2815 hoc
763 2786 921 2826 genere
957 2774 1047 2815 haec
1077 2776 1301 2828 exempla:
1334 2774 1428 2830 ἔργα
1458 2778 1625 2830 α’ρκέσαι,

122 2831 324 2872 aia-:afflat
356 2833 439 2873 τινά
476 2849 527 2882 τι,
559 2829 790 2887 ἐργάζεσθαί
824 2849 906 2872 τινα
935 2832 1053 2879 κακαὶ,
1082 2830 1260 2886 χρῆσθαί
1286 2834 1358 2872 τινί
1385 2849 1436 2884 τι,
1470 2831 1495 2873 ἃ
1514 2834 1629 2874 πόλιν

123 2890 287 2941 ὕμνησε,
306 2890 366 2936 τίς
385 2888 428 2931 ἂν
448 2888 539 2929 τάδε
558 2886 775 2937 γηθήσειεν,
795 2887 840 2932 ἢν
861 2892 973 2930 τοῦτο
993 2886 1151 2944 νικηθῇς
1169 2891 1279 2938 ἐμοῦ,
1300 2888 1363 2930 δύο
1383 2892 1480 2944 μέρη
1502 2907 1539 2930 τι
1559 2889 1631 2930 διε-

122 2944 219 2993 λεῖν,
238 2949 441 3002 προτρέπω
458 2963 495 2987 σε
516 2950 661 2993 ταῦτα,
694 2942 790 2987 εἶδος
808 2946 1028 2998 κάλλιστος,
1056 2947 1174 2987 πάντ’
1196 2946 1435 2994 εὐδαιμονεῖν,
1464 2945 1508 2987 τό
1527 2949 1633 2996 γένος

126 3003 342 3061 Λαρισσαία
360 3002 422 3056 ἦν,
457 3004 602 3061 εἰρήνης
619 3004 818 3054 γεγονυίας
835 3004 1025 3062 τέτταρας
1043 3006 1183 3055 μῆνας,
1218 3004 1255 3048 ὅν
1282 3005 1420 3087 ‘tanniu‘
1448 3003 1633 3062 'figimus

1373 3072 1403 3102 N
