1838 3164
219 133 298 176 160
586 140 659 179 DE
690 136 897 179 ELLIPSI
927 139 996 178 ET
1021 133 1365 179 PLEONASMO

202 250 346 308 Ἀνῇξε
367 251 398 292 δ’
419 250 527 308 ὀρθὸς
545 252 638 293 λαὸς
658 254 708 293 εἷς
726 253 795 308 ἐ’ριν
815 254 953 301 λόγων,
979 250 1128 299 “Ημεῖ’ς
1162 253 1247 301 μὲν,
1268 254 1329 294 ’ὧς
1355 255 1515 295 νικῶντα
1535 253 1718 301 δεσὲἱὲότην

206 308 308 360 ἐμὸν,
341 307 402 350 Οἵ
426 310 479 360 δ’,
514 313 562 351 ὡς
596 314 740 351 ἐκεῖνον.
802 309 918 351 Nam
937 309 1044 361 quid
1063 309 1183 351 aliud
1204 310 1351 364 priore
1372 309 1495 354 versu
1518 313 1713 356 contine-

204 369 293 413 tur,
327 380 459 421 quam
495 368 672 423 ἐρίζοντες
705 368 862 415 ’έλειγονῒ
891 367 1049 419 quibus
1079 368 1218 408 verbis
1251 365 1517 421 cogitatione
1544 367 1715 413 '‘substiss

203 424 315 465 tutis
335 427 494 467 omnia
515 426 690 478 integra
723 428 836 466 sunt.
898 423 949 465 Ei
982 425 1075 467 loco
1109 426 1310 477 geminus
1340 430 1405 468 est
1443 425 1716 470 aliusin'ea-

204 481 302 523 dem
323 483 491 531 fabula,
513 484 558 524 in
579 495 666 536 quo
687 482 860 536 ellipsin
884 482 999 523 male
1033 482 1330 524 adhibuerunt
1359 497 1400 537 p.
1417 483 1518 526 394.
1557 482 1712 526 'Hm’

203 539 273 593 ἕρις
303 542 604 595 στρατηλάταις,
639 539 800 588 Οἳμὲν,
830 537 1007 589 πατάξαι
1032 538 1178 595 πρόσθε
1199 540 1436 584 Πολυνείκην
1463 541 1553 597 δορῖ,
1571 540 1648 583 Ὀἳ
1662 543 1718 584 ‘8'ss

203 598 252 636 ὡς
273 595 459 639 θανόντων
482 597 649 646 οὐδαμοῦ
679 599 758 639 νίκη
791 598 917 637 πέλοι.
975 596 1176 651 Denique
1196 597 1377 640 Diodori
1412 599 1562 647 verba,
1584 599 1716 649 ’ἔπεμ-

202 653 276 701 ψεν
308 657 579 711 οἷνγελιαφόρον
610 656 670 703 μὴ
707 652 950 709 θορυβεῖσθαι
991 653 1121 702 αὑτὸν,
1153 654 1261 696 nihil
1294 656 1413 697 aliud
1447 654 1723 710 Significdhts

201 723 334 763 quam
363 712 405 752 δι’
429 714 703 768 ἀγγελιαφόροι)
734 713 921 759 ἐκέλευσε,
952 711 1318 764 quemadmodum
1340 715 1583 768 saepissime
1612 712 1718 764 πέμ-

200 783 280 810 πειν
300 773 344 810 et
364 783 460 823 quae
482 771 644 812 similia
664 774 781 816 sunt,
816 782 897 823 pro
933 770 1001 810 his
1021 769 1108 810 dici
1143 771 1302 817 solent,
1332 785 1431 824 quae
1452 770 1712 814 ·istiusmodi

199 827 345 868 verbis
365 829 674 881 comprehensa
703 828 970 879 cogitantur.
1032 825 1216 868 Rectius
1251 828 1487 870 attulisset·
1506 829 1716 872 Schaefe-

200 896 277 924 rus
312 884 427 926 hunc
462 885 691 939 Sophoclis
722 885 878 934 locum,
907 886 956 925 in
995 881 1098 925 OEd.
1134 883 1190 925 R.
1224 884 1341 927 53&
1379 885 1467 940 Φέρ’
1502 886 1718 942 ἐἰπὲ-πρὸς

203 938 315 989 θεῶν,
347 941 485 983 δειλίαν
514 942 539 986 ἢ
574 944 718 996 μωρίαν
747 940 859 982 Ἰδών
884 945 950 983 τιν’
987 943 1021 982 ἐν
1059 941 1156 990 ἐμοὶ,
1190 945 1302 983 ταῦτ’
1340 944 1551 990 ἐβουλεύσω
1570 944 1715 992 πόιὲῗνς

195 995 259 1038 *H
282 999 432 1054 τοῦργον
468 1003 516 1040 ὡς
549 1003 590 1040 οὐ
623 1000 840 1053 ’γνωρίσοιμί
874 1017 936 1039 σου
957 999 1040 1039 τόδε
1063 999 1187 1056 Δόλῳ
1205 1002 1429 1055 προσέρπον,
1448 1007 1549 1041 ῥκούκ
1570 1000 1716 1050 α’λεξοί-

111 1052 190 1095 126
200 1072 277 1102 μην
296 1055 433 1102 μαθών
454 1071 463 1105 ;
497 1056 777 1109 Quamquam
810 1057 880 1097 hic
914 1069 1087 1109 quoque
1121 1058 1264 1098 verius
1285 1058 1490 1106 ὑπολαβὼν
1510 1058 1576 1100 vel
1599 1059 1708 1099 ἐλπί-

200 1113 288 1168 ζων,
318 1115 434 1167 quod
470 1113 716 1156 Brunckius
751 1115 1086 1167 intelligendum
1123 1115 1246 1163 dicit,
1278 1115 1322 1156 in
1357 1114 1716 1169 praegresso-28&

196 1170 334 1212 latere
360 1172 610 1225 judicabis:
643 1185 731 1225 quo
766 1185 852 1212 non
889 1185 1132 1227 praegresso
1168 1185 1256 1222 non
1283 1177 1459 1226 poterat
1480 1175 1528 1214 ὣς
1551 1178 1601 1213 *οὐ
1621 1186 1719 1221 γνω-

194 1230 330 1282 ρίσοιμι
364 1231 534 1282 subjici.
595 1229 746 1271 Finem
781 1243 867 1270 non
905 1231 1162 1278 invenirem,
1212 1231 1249 1271 si
1288 1231 1420 1272 istam
1462 1229 1716 1273 Graecorum

195 1288 569 1336 consuetudinem,
602 1289 736 1329 verba
770 1288 826 1328 ad
862 1288 906 1329 id
943 1289 1100 1340 magis,
1131 1287 1249 1340 quod
1282 1289 1543 1341 cogitatum,
1574 1301 1713 1342 quam

195 1345 312 1396 quod
345 1345 509 1387 dictum
538 1349 649 1394 erat,
680 1345 1052 1395 accommodatum,
1083 1346 1415 1387 enumeratione
1449 1346 1710 1394 formarum,

195 1401 240 1441 in
260 1402 420 1454 quibus
441 1404 511 1443 hic
546 1417 650 1444 usus
688 1403 926 1450 invenitur,
959 1403 1183 1443 illustrare
1214 1403 1386 1444 vellem.
1449 1404 1568 1446 Satis
1601 1415 1718 1444 nune

196 1458 270 1506 sit,
311 1460 396 1500 duo
440 1461 603 1502 diversi
648 1460 820 1513 generis
863 1457 1077 1513 exempla'
1109 1460 1328 1501 attulisse.
1390 1461 1628 1515 Sophocles
1669 1460 1716 1501 in

195 1513 353 1556 Trach.
392 1515 491 1558 259.
533 1515 735 1572 Ἔρχεται
765 1514 992 1558 mclxiv-Tm
1025 1515 1246 1571 Εὔρυτείαν·
1281 1517 1383 1559 τόνδε
1413 1518 1487 1573 «γάρ
1517 1518 1715 1565 μεταίτιον

197 1571 327 1613 Μόνον
361 1577 506 1629 βροτῶν
542 1576 682 1627 ’ἔφασκε
713 1573 814 1615 τοῦδ’
846 1571 933 1615 εἶναι
962 1572 1128 1615 πάθους.
1189 1572 1307 1615 Idem
1338 1575 1384 1615 in
1406 1574 1572 1629 OEdipo
1593 1573 1716 1629 Rege

196 1642 238 1670 v.
259 1629 358 1672 236.
391 1629 468 1672 Τὸν
490 1630 585 1686 ἄνδρ’
609 1631 768 1672 ἀπαυδῶ
788 1636 935 1679 τοῦτον,
959 1630 1060 1671 ὅστις
1079 1630 1177 1679 ἐστ-ἶ,
1198 1634 1271 1680 ’γῆς
1289 1629 1432 1680 Τῆσδ’,
1464 1632 1509 1677 ἧς
1530 1632 1604 1680 ἐγὼ
1624 1634 1717 1688 ’κραί-

197 1703 260 1727 τος
294 1704 336 1728 τε
372 1689 435 1729 καῖ
465 1687 618 1744 θρόνους
645 1691 760 1740 νέμω,
791 1687 909 1731 Μήτ’
947 1686 1202 1740 εἷο-δέχεσθαι,
1244 1689 1348 1736 μήτε
1369 1690 1717 1745 προσφωνεῗντινοὶ,

197 1742 315 1788 Μήτ’
338 1747 372 1786 ἐν
393 1744 488 1787 θεῶν
511 1749 679 1799 εὐχαῖσι,
718 1746 821 1794 μήτε
844 1743 1009 1793 θύμασιν
1032 1743 1164 1787 Κοινόν
1183 1745 1391 1800 ποιεῖσθαι,
1411 1748 1515 1796 μήτε
1534 1749 1719 1803 χέρνιβας

198 1804 327 1850 νέμειν·
346 1802 486 1844 Ὠθεῖν
516 1803 549 1843 δ’
585 1806 652 1845 ἀπ’
687 1803 792 1845 οἴκων
813 1804 981 1846 πάντας.
1044 1802 1145 1846 Alia
1167 1805 1283 1846 infra
1313 1807 1510 1861 plurima
1530 1817 1577 1846 Se
1610 1803 1715 1847 offe-

199 1863 313 1901 rent.
1166 1883 1170 1886 ·
1632 1884 1636 1886 >

255 1916 481 1961 Invenitur
511 1920 697 1974 denique
742 1921 875 1962 etiam
920 1921 1039 1962 aliud
1069 1934 1206 1975 genus
1236 1922 1560 1974 loquutionum,
1599 1922 1717 1976 quod

199 1976 350 2017 eodem
384 1978 483 2029 jure
516 1981 560 2018 et
592 1979 835 2033 ellipticum
857 1982 902 2019 et
922 1991 1007 2019 non
1032 1979 1273 2033 ellipticum
1295 1979 1438 2021 dicere
1459 1980 1618 2035 possis,
1647 1993 1718 2022 ve-

199 2033 282 2074 luti
306 2034 450 2086 νυκτός,
486 2039 691 2089 χειμῶνος,
714 2038 904 2085 νηνεμίης,
936 2041 1069 2089 atque
1091 2038 1270 2078 omnino
1290 2037 1365 2078 ubi
1385 2038 1584 2090 genitivi,
1605 2049 1715 2092 quos

199 2091 425 2134 absolutos
460 2098 633 2144 vocant,
665 2097 957 2149 reperiuntur.
1020 2093 1069 2136 In
1109 2108 1197 2148 quo
1232 2109 1390 2149 genere
1424 2096 1501 2149 qui
1541 2095 1716 2151 ellipsin

199 2150 449 2203 repudiant,
481 2152 597 2205 quod
637 2151 894 2193 Schaeferus
928 2153 1036 2194 facit
1075 2166 1119 2207 p.
1156 2152 1253 2194 232.
1289 2151 1387 2195 355.
1420 2166 1507 2194 non
1536 2152 1715 2207 habent,

198 2220 287 2260 quo
304 2208 488 2260 genitivi
524 2222 668 2257 usum,
701 2211 778 2263 qui
813 2210 918 2251 satis
941 2211 1076 2251 mirus
1098 2213 1176 2262 est,
1196 2212 1434 2265 explicent.
1495 2210 1715 2263 Equidem

112 2263 401 2306 127existimo
441 2267 519 2307 has
559 2268 840 2320 loquutiones
871 2280 1023 2309 omnes
1063 2281 1117 2308 ex
1156 2270 1346 2322 quadam
1377 2269 1715 2310 constructionis

199 2324 445 2364 mutatione
460 2328 579 2365 ortas
600 2338 711 2372 esse,
743 2338 879 2378 quum
909 2326 1098 2380 abrupta
1127 2339 1308 2380 prorsus
1330 2326 1478 2379 priore
1498 2331 1714 2368 construc-

197 2379 334 2428 tione,
367 2382 537 2433 reliqua
568 2396 646 2437 per
682 2396 727 2424 se
768 2383 862 2424 sine
896 2396 1009 2424 nexu
1045 2396 1142 2424 cum
1173 2383 1520 2437 praecedentibus
1549 2384 1712 2438 profer-

198 2442 361 2479 rentur.
439 2438 524 2491 Sic‚
574 2441 690 2494 quod
725 2440 956 2481 dicendum
1000 2443 1095 2482 erat
1138 2439 1226 2482 θεοῦ
1260 2439 1437 2482 θέλοντός
1467 2442 1580 2489 ἐστιν,
1613 2441 1715 2482 οὐδὲν

199 2495 344 2547 ἰσχύειν
364 2493 511 2548 φθόνον,
544 2499 733 2553 abrupta
754 2500 967 2548 oratione,
999 2511 1096 2551 quae
1116 2498 1324 2540 inchoata
1342 2499 1507 2546 fuerat,
1538 2498 1715 2540 brevius

197 2551 440 2601 dicebatur,
487 2553 574 2596 θεοῦ
607 2554 800 2603 θέλοντος,
833 2555 932 2597 οὐδὲν
960 2559 1084 2609 ἰσχύει
1127 2554 1275 2609 φθόνος.
1338 2554 1424 2603 Qui
1467 2557 1712 2598 modus'lo·

195 2611 356 2662 quendi
379 2610 438 2651 sic
457 2613 611 2655 deinde
647 2615 692 2654 in
725 2627 851 2654 usum
873 2615 1008 2662 venit,
1039 2619 1087 2655 ut
1108 2614 1330 2666 legitimus
1352 2613 1604 2662 haberetur,
1635 2626 1710 2655 ne-

194 2680 279 2720 que
300 2668 544 2721 quisquam,
573 2672 649 2724 qui
672 2685 722 2712 eo
751 2675 961 2722 uteretur,
999 2684 1045 2712 se
1064 2672 1305 2712 orationem
1327 2671 1557 2725 abrupisse
1571 2671 1710 2713 senti-

195 2729 276 2766 ret.
338 2725 530 2772 Accedit,
579 2730 695 2780 quod
734 2729 886 2770 eadem
926 2730 1056 2784 plane
1091 2733 1344 2770 caeterorum
1380 2732 1447 2770 est
1486 2729 1711 2769 absoluto-

194 2795 291 2823 rum
322 2796 502 2825 casuum
542 2787 670 2827 ratio.
732 2785 796 2827 Ex
836 2787 915 2827 hoc
964 2788 1102 2839 igitur
1146 2799 1305 2839 genere
1336 2786 1538 2839 quaedam
1569 2787 1708 2826 multo

193 2852 274 2880 usu
310 2853 431 2894 paene
462 2842 506 2881 in
542 2843 798 2884 adverbium
836 2848 1005 2885 mutata
1037 2848 1153 2891 sunt,
1185 2847 1234 2884 ut
1255 2845 1341 2885 ista
1368 2844 1528 2898 ἡμέρας,
1560 2843 1706 2884 νυκτός.

195 2894 319 2943 Quod
353 2898 399 2939 in
421 2896 690 2942 Germanica
721 2914 895 2954 quoque
931 2902 1083 2954 lingua
1113 2901 1278 2943 factum
1319 2904 1401 2949 est,
1435 2904 1568 2953 atque
1600 2901 1709 2941 adeo
