1838 3164
699 156 1000 192 Λῶτον-Δηοῖ
1556 144 1614 191 33

533 256 781 302 *A‘rTo'r
818 261 886 302 vel
927 257 1187 302 ΕΑΎΤΟΎ.

183 313 331 359 Multa
355 316 528 371 quidem
562 318 712 359 omissi
745 317 870 371 hujus
900 317 1180 360 Pronominis
1212 317 1411 372 exempla
1440 315 1613 369 Bosius,

106 369 337 417 Leisuerus
374 378 421 416 et
460 373 730 426 Bernholdus
751 376 1074 431 suppeditant.
1161 374 1421 428 Neglectam
1467 381 1615 418 autem

107 429 233 480 video
261 431 716 488 ellipsinrpossessivn
746 435 887 486 cujus,
917 436 1019 475 utut
1037 433 1408 485 frequentissima
1439 434 1514 481 sit,
1544 447 1616 475 ex-

106 490 254 542 empla
289 495 434 532 tamen
474 491 542 531 vel
563 491 607 531 in
637 491 966 532 adolescentum
1008 491 1197 544 gratiam
1241 490 1441 532 addenda
1474 497 1616 532 erant.

108 542 222 588 Vide
235 560 344 601 ergo
373 545 536 588 Matth.
564 560 609 588 x.
628 547 698 589 37.
728 549 820 589 xix.
842 547 913 590 29.
945 548 1047 590 Luc.
1076 549 1156 589 xii.
1187 547 1258 590 53.
1295 547 1314 588 1
1339 547 1442 589 Cor.
1472 549 1550 590 vii.
1574 547 1618 590 7.

108 605 192 660 etc.
251 602 302 658 In
320 610 443 646 novo‘
460 608 722 646 testamento
738 607 883 658 hujus,
912 609 963 647 ut
981 607 1167 648 aliorum
1188 606 1493 660 pronominum
1521 619 1621 660 pos-

109 659 390 706 sessivorum,
407 662 576 715 ellipsis
599 664 810 716 praecipue
833 665 1004 704 obtinet
1030 664 1085 704 ad
1104 663 1280 717 ἀδελφὸς,
1313 663 1478 716 ἀδελφὴ,
1510 664 1620 719 ἀνὴρ,

107 717 222 767 γυνὴ,
242 718 332 766 υἱὸς,
348 722 396 760 ‘et
412 719 501 760 alia
518 719 731 771 quaedam,
749 718 805 760 ad
830 733 926 772 quae
952 721 1185 762 orientales
1213 722 1432 762 versiones
1460 734 1622 775 prono-

109 787 213 834 men*
226 777 430 831 supplere
445 776 581 817 disces
597 790 656 817 ex,
680 776 758 817 cel.
776 775 813 816 I.
839 776 890 818 B.
911 777 1144 820 Michaelis
1159 778 1307 820 Tract.
1327 780 1426 820 crit.
1455 779 1508 819 de
1530 791 1619 819 var.

109 830 210 875 lect.
240 832 299 876 N.
327 833 379 875 T.
411 847 455 888 p.
486 833 556 874 58.
617 833 691 874 Sic
718 832 936 875 Diodorus
967 835 1054 876 Sic.
1083 838 1112 877 l.
1133 837 1164 877 i.
1184 850 1228 891 p.
1255 835 1321 877 16.
1352 839 1523 891 κυριεύειν
1552 836 1623 878 τῆν

109 893 273 939 «γυναῖκα
291 891 458 946 τάνδρὸς,
489 892 581 932 scil.
602 893 737 934 αὐτῆς.
799 889 993 933 Marmor
1005 895 1120 946 apud
1145 894 1359 935 Smithum
1383 907 1427 948 p.
1449 892 1520 934 59.
1560 895 1625 948 υἶῷ

111 946 286 1004 Ζωσίμῳ
302 948 366 990 καὶ
385 951 504 1004 ἑαυτῇ
523 947 586 989 καὶ
606 944 808 1004 Κορνηλίῳ
828 946 1060 1002 Εὐτυχιανῶ
1078 950 1192 1005 ἀνδρί.
1255 950 1387 993 Plene
1405 964 1450 1005 p.
1476 950 1541 991 18.
1563 950 1627 990 καὶ

112 1009 166 1062 τῇ
186 1007 418 1062 ''fluxuri-2¹¹7)
437 1008 554 1047 αὐτοῦ
575 1007 737 1054 γυναικί.
799 994 1251 1060 Hesiodus'Theogon.
1287 1008 1388 1050 338.
1437 1010 1550 1062 φίλου
1569 1006 1630 1048 διαὶ

112 1063 240 1113 μήδεα
257 1063 422 1119 πατρὸς,
439 1067 484 1104 et
510 1062 610 1104 474.
642 1065 672 1103 εἰ
703 1062 741 1104 δὲ
760 1061 926 1119 θυγατρὶ
945 1066 1041 1119 φίλῃ
1069 1065 1182 1112 μάλα
1201 1065 1270 1112 μὲν
1292 1068 1419 1105 κλύον.
1479 1065 1630 1107 Dubia

114 1121 329 1164 interdum
360 1134 427 1162 res
467 1125 548 1168 est,
585 1122 846 1162 omissumne
879 1123 1047 1162 censeri
1086 1122 1256 1169 debeat,
1286 1135 1366 1162 nec
1395 1134 1473 1162 ne:
1517 1137 1558 1164 v.
1587 1136 1628 1163 c.

115 1177 265 1221 Actor.
286 1179 318 1220 i.
348 1177 413 1220 14.
474 1176 691 1220 Caeterum
718 1179 762 1219 in
784 1177 949 1220 Dativo
965 1179 1101 1220 etiam
1121 1191 1223 1220 casu
1242 1179 1464 1221 omittitur
1482 1182 1630 1221 ἑαυτοῖς

116 1237 164 1279 in
181 1237 401 1291 προσέχειν.
444 1234 611 1278 Matth.
631 1237 707 1277 vii.
725 1235 796 1277 15.
826 1234 875 1277 F.
898 1236 975 1277 ST.

747 1317 768 1337 ¹*
785 1308 1003 1351 ΑΥΤΟΣ.

172 1373 361 1419 Relativi
378 1376 505 1430 hujus
527 1377 583 1418 ad
611 1376 926 1430 possessionem
958 1376 1236 1417 indicandam
1266 1377 1454 1418 adhibiti
1483 1376 1634 1426 eadem

117 1437 186 1475 est
224 1436 354 1476 ratio.
434 1433 633 1475 AElianus
667 1434 745 1475 xii.
782 1432 854 1474 47.
913 1434 1060 1488 ὕστερον
1097 1433 1135 1475 δὲ
1173 1434 1241 1477 τὴν
1280 1438 1443 1483 ’γυναῖκα
1476 1433 1634 1488 (αὑτοῦ)

118 1488 280 1536 ἄκουσαν
305 1491 503 1549 δορυφόρῳ.
565 1490 811 1544 Phocylidis
847 1493 1068 1533 sentent-ia
1089 1495 1182 1533 est:
1215 1488 1270 1532 Τί
1283 1492 1359 1546 ’γὰρ
1374 1491 1548 1546 ἧδύτερον
1569 1490 1634 1531 καὶ

118 1546 252 1603 ἄρειον,
270 1548 296 1594 ἢ
314 1549 403 1590 ὅταν
423 1549 522 1605 ἀνδρὶ
537 1549 632 1598 ’γυνὴ
663 1552 794 1604 φρονέῃ
820 1547 918 1601 φ”ίλα
946 1549 1086 1603 γήραος
1113 1547 1223 1604 ἄχρι.
1283 1548 1407 1590 Adde
1432 1547 1536 1589 Joh.
1572 1549 1632 1589 ix.

119 1606 162 1648 8.
193 1607 358 1650 Matth.
385 1608 482 1648 xiii.
522 1607 586 1648 10.
618 1606 690 1647 36.
719 1620 791 1648 xv.
825 1605 865 1646 6.
938 1606 1130 1647 Dubium
1159 1611 1226 1647 est
1259 1606 1277 1647 1
1312 1605 1428 1647 Tim.
1464 1607 1529 1646 iii.
1566 1605 1632 1646 11.

120 1664 216 1707 Nec
261 1665 652 1720 praetermittendus
697 1668 777 1705 est.
810 1665 961 1705 omissi
1020 1663 1146 1716 hujus
1194 1665 1470 1718 pronominis
1516 1676 1634 1711 usus,

119 1735 247 1776 quem
264 1723 486 1776 euphonia
503 1722 682 1764 invexit.
743 1721 866 1763 Sicut
893 1722 1011 1763 enim
1042 1722 1278 1762 innumeris
1306 1723 1351 1762 in
1383 1722 1491 1763 locis
1521 1720 1636 1761 idem

120 1793 247 1822 casus
266 1781 469 1822 aduobus
487 1780 630 1821 verbis
656 1792 711 1820 ex
737 1780 908 1820 diversa
938 1781 1070 1834 plane
1101 1779 1251 1831 regula
1278 1792 1374 1820 eum
1406 1778 1638 1818 admitten-

120 1838 241 1879 tibus
267 1839 446 1893 pendet,
477 1841 603 1890 atque
632 1840 708 1877 aut
728 1840 826 1890 post
851 1837 970 1890 prius
1000 1837 1282 1889 supplendus,
1314 1840 1389 1876 aut
1415 1839 1514 1889 post
1540 1848 1638 1888 pos-

121 1896 253 1936 terius
281 1895 336 1937 de
376 1909 487 1936 novo
528 1898 592 1936 est
629 1895 907 1947 repetendus:
953 1895 1013 1934 ita
1044 1894 1246 1946 inprimis
1276 1894 1321 1934 in
1362 1891 1640 1933 Pronominis

122 1953 290 1996 relativi
322 1953 438 1994 αὐτὸς
468 1958 688 1994 structura
719 1952 764 1991 id
802 1952 985 1992 obtinet.
1057 1949 1148 1991 Ubi
1180 1952 1247 1991 bis
1286 1951 1330 1991 in
1359 1950 1512 1991 eodem
1537 1962 1640 1991 casu

125 2009 232 2051 illud
261 2010 507 2063 ponendum
533 2014 663 2057 esset,
692 2010 825 2050 semel
853 2012 1023 2050 tantum
1051 2008 1351 2062 exprimiturc,
1380 2008 1455 2048 sed
1486 2007 1564 2056 ita,
1592 2009 1642 2047 ut

64 2067 69 2073 '
125 2079 155 2108 a
187 2067 351 2109 duobus
385 2069 546 2114 verbis,
584 2071 680 2108 utut
721 2068 788 2108 vel
827 2066 1122 2108 diversissima
1173 2079 1227 2107 ex
1269 2065 1418 2118 regula
1455 2065 1642 2106 eundem

124 2137 272 2166 casum
298 2125 658 2171 adsciscentibus,
691 2124 815 2165 simul
851 2129 1042 2176 regatur.
1103 2121 1283 2176 Regulae
1316 2124 1442 2175 hujus
1473 2126 1643 2175 syntac-

124 2181 222 2224 ticae
249 2183 483 2224 manifesta
510 2181 710 2235 exempla
742 2182 891 2228 habes,
918 2195 958 2222 e.
992 2195 1035 2233 g.
1070 2180 1235 2221 Matth.
1258 2180 1321 2220 xi.
1349 2181 1391 2220 8.
1429 2180 1566 2219 xxvii.
1596 2179 1640 2219 2.

124 2237 230 2280 Joh.
254 2240 320 2295 iii.
338 2239 410 2282 32.
431 2239 530 2282 Act.
549 2240 579 2281 i.
599 2238 648 2280 3.·
666 2252 710 2292 x.
733 2238 804 2279 27.
822 2239 927 2280 xvii.
947 2238 1018 2280 21.
1039 2237 1111 2279 27.
1140 2239 1157 2279 l
1198 2237 1311 2279 Tim.
1337 2239 1366 2279 i.
1397 2235 1462 2277 12.
1486 2237 1544 2276 iv.
1574 2236 1644 2278 ll.

127 2293 310 2339 Adeam
328 2310 429 2338 vero
457 2297 511 2345 si,
538 2297 651 2350 quod
679 2297 812 2337 facile
843 2297 1014 2344 fuisset,
1045 2296 1334 2337 attendissent
1363 2296 1641 2348 interpretes,

127 2365 216 2395 non
259 2359 489 2409 tantopere
529 2368 604 2396 eos
639 2358 856 2395 structura
895 2353 1022 2395 Lucae
1072 2354 1348 2400 exercuisset,
1387 2352 1485 2392 Act.
1527 2352 1556 2392 i.
1599 2350 1644 2391 4.

130 2413 416 2468 συναλιζόμενος
442 2413 702 2467 παρήγγειλεν
732 2415 874 2452 αὐτοῖς.
935 2410 1064 2458 Vide,
1084 2425 1178 2464 quae
1204 2415 1359 2464 praeter
1392 2414 1588 2450 auctores
1619 2421 1648 2449 a

129 2467 290 2510 Wolfio
319 2469 372 2509 ad
403 2470 445 2510 h.
474 2472 503 2511 l.
539 2470 736 2511 laudatos
768 2470 982 2510 disserunt
1012 2467 1085 2509 Jo.
1118 2467 1246 2522 Casp.
1277 2467 1568 2508 Santoroccus
1598 2467 1646 2506 in

129 2526 230 2568 diss.
262 2539 306 2568 x.
337 2527 393 2567 ad
420 2526 516 2569 Act.
546 2527 632 2581 Ap.
663 2530 706 2567 et
733 2524 920 2568 Zornius
950 2525 1109 2581 Opusc.
1151 2525 1268 2567 Sacr.
1306 2529 1338 2566 t.
1373 2525 1422 2565 ii.
1451 2537 1495 2578 p.
1525 2522 1568 2564 4.
1602 2522 1645 2564 5.

173 2656 190 2674 c
224 2651 316 2683 Idem
351 2653 529 2686 tenendum
569 2651 670 2684 etiam
699 2651 761 2690 ibi,
796 2651 857 2683 ubi
926 2651 1036 2692 prium
1062 2657 1120 2683 aut
1150 2660 1329 2692 pronomen
1356 2648 1468 2680 minus
1504 2647 1651 2679 suaviter

130 2693 234 2726 verba
262 2694 320 2726 illa
342 2695 408 2726 duo
433 2702 670 2736 casusregunt
695 2694 857 2726 diversos.
924 2700 1102 2736 repetatur,
1131 2694 1164 2725 in
1193 2693 1321 2726 utrovis
1358 2691 1520 2733 regimine
1547 2691 1651 2722 semel

133 2736 315 2777 Dionysius
330 2737 405 2769 Hal.
421 2740 498 2770 Ant.
514 2739 615 2770 Rom.
638 2744 663 2770 t.
680 2737 718 2768 ii.
735 2748 767 2778 p.
783 2739 857 2768 9⁸9.
927 2743 1063 2779 ponunt,
1089 2738 1194 2768 altero
1225 2735 1385 2768 omisso.”
1444 2736 1580 2766 Person.
1609 2734 1652 2764 ad

131 2779 159 2810 οἵ
171 2792 203 2810 τε
214 2780 312 2815 inu-5
327 2783 384 2815 Ψοῗς
401 2782 434 2812 ἔκ
456 2783 507 2816 τῆς
527 2780 637 2816 Φιδήνης
654 2781 768 2821 λοχῧη
782 2793 858 2823 περι·
927 2780 1083 2822 Euripid.
1107 2780 1198 2811 Med.
1221 2791 1254 2811 v.
1270 2781 1345 2811 734.
1360 2778 1421 2810 ubi
1436 2789 1469 2808 v,
1483 2777 1651 2817 exempla.

133 2822 284 2863 euxia-15,
297 2823 442 2867 ‘reia-oum
467 2826 504 2860 εἷς
516 2825 623 2868 φυγὴν,
639 2837 718 2867 κχτ.
735 2830 767 2854 λ.
784 2824 858 2855 sub.
927 2824 981 2855 Sic
1003 2829 1035 2855 et
1053 2823 1085 2854 in
1108 2823 1225 2854 Latina
1250 2822 1377 2863 lingua.
1422 2821 1501 2852 vid.
1523 2830 1597 2860 quae
1610 2820 1653 2850 ad

134 2865 249 2900 εὖτοῦε-
301 2867 323 2884 “
346 2867 456 2899 Graeci
482 2868 625 2906 scilicet,
653 2877 729 2898 cum
757 2868 859 2898 verba
926 2867 1030 2898 Plinii
1060 2868 1220 2908 Panegyr.
1243 2865 1372 2898 lxxxvi.
1397 2867 1429 2896 3.
1449 2863 1653 2908 monuimus.

134 2908 215 2947 duo,
241 2908 389 2942 diversos
410 2921 508 2943 casus
533 2911 692 2953 regentia,
706 2911 748 2941 ad
771 2909 859 2942 idem
925 2912 1101 2953 Scusnr„

135 2959 255 2985 nomen
267 2963 363 2995 aeque
376 2955 572 2994 referuntur,
594 2965 635 2987 ne
648 2963 768 2988 nomen
782 2963 860 2997 pro-

1357 3012 1390 3044 D
