1838 3164
690 160 694 163 -
768 138 1098 178 mos-mm
1580 116 1663 171 2⁴⁷1

116 286 126 288 ,
161 244 516 290 considerandum
542 252 618 295 est,
646 259 703 289 an
730 245 866 289 satius
894 247 954 290 eit
985 239 1206 305 affirmare.
1281 243 1448 300 Supple
1477 246 1667 285 σκεπτέον.

162 295 304 358 Cujus
322 305 523 361 ellipseos
541 311 644 346 ustis
661 305 867 359 frequens
886 310 955 348 est
974 311 1079 347 ante
1111 305 1227 351 ὅπως,
1247 306 1291 345 et
1323 303 1492 352 μήποτε.
1552 298 1666 342 Vide

162 358 229 404 M.
265 361 538 405 Antoninum
570 363 647 411 lib.
690 362 855 404 iv.s34.
907 366 982 404 τῶν
1004 366 1055 404 εἰς
1076 363 1219 405 ἑαυτόν.
1280 360 1408 402 Conf.
1440 357 1601 401 Lucam
1622 359 1669 399 in

163 416 289 462 Actis
320 431 363 462 v.
382 419 467 471 „³39-
494 443 518 473 5—
543 411 656 461 Vide
696 421 811 462 infra
850 422 896 462 in
930 423 1081 472 βλέπω,
1112 421 1179 462 vel
1219 415 1330 474 ὃραίω,
1364 418 1431 459 vel
1473 415 1669 472 φροντίζω.

164 473 325 525 Lmsn.
385 471 512 519 Cous.
543 486 676 532 supra
705 478 762 520 ad
796 491 836 520 v.
870 478 1091 527 Λογιστέον.
1152 476 1275 518 Plato
1308 475 1453 518 Phaed.
1489 487 1535 529 p.
1574 470 1669 514 185.

163 531 308 577 Forat.
327 534 487 588 μῆ-οὒχ
505 535 605 578 αὕτη
624 537 651 591 ᾖ
670 537 696 579 ἦ
711 534 806 591 ὀρθὴ
827 553 865 576 κ.
888 554 925 577 τ.
942 545 983 576 λ.
999 536 1056 578 ad
1075 550 1120 590 q.
1140 537 1170 577 l.
1195 532 1333 576 Henr.
1356 533 1605 587 Stephanus
1625 539 1671 584 p.

164 587 266 634 369.
328 591 359 617 ἃ*
383 590 561 645 Aliquid
583 592 654 634 hic
674 593 908 635 desiderari
942 598 1067 648 putet
1088 593 1310 648 quispiam
1331 604 1340 632 :
1373 603 1505 644 quum
1524 594 1673 631 tamen

164 643 276 691 nihil
295 646 581 698 desideretur,
595 651 669 691 sed
687 651 856 705 ellipsis
875 652 935 693 s'it
956 652 1020 693 illi
1038 649 1208 699 similis,
1229 659 1323 703 quae
1338 648 1526 690 occurrit
1540 646 1673 702 paulo

162 711 280 760 post,
298 707 504 748 nimirum
524 717 568 762 p.
598 707 689 749 186.
711 709 737 749 l.
759 712 802 750 4.
841 710 901 757 μὴ
924 711 1153 765 σκιαγραφία
1172 724 1228 749 τις
1247 706 1274 764 ᾗ
1304 709 1328 750 ἡ
1350 709 1507 748 τοιαύτη
1538 703 1670 760 ἀρετή.

165 761 411 806 Occurrunt
429 772 544 806 certe
564 769 606 806 et
627 767 733 807 alibi
754 766 1006 819 frequenter
1025 781 1035 807 ε
1069 781 1146 821 pro
1168 767 1262 807 loco
1283 769 1430 806 autem
1452 773 1675 817 exponere

165 824 356 876 oportet,
411 820 652 864 Videndum
673 837 739 874 ne,
770 823 835 865 vel
855 823 1289 866 Animadvertendum
1317 837 1385 870 ne,
1420 827 1498 863 aut
1519 818 1675 862 Caven-

167 876 270 920 dum
304 879 399 920 ne.'’
458 879 571 921 Add.
593 879 850 934 To=1p.Ind.
882 884 927 923 in
965 881 1152 935 Longin.
1175 895 1215 923 v.
1251 879 1443 921 Κίνδυνος.
1502 877 1552 920 In
1574 869 1675 919 Plu-

163 935 304 990 tarchi
328 935 444 978 Mor.
465 942 497 979 t.
521 939 550 979 i.
572 951 615 992 p.
636 937 736 979 422.
757 953 869 981 corr.
897 939 1202 994 μήποτε--δοκῇ
1233 936 1338 979 εἶναι.
1356 937 1474 979 conf.
1495 949 1541 991 p.
1572 934 1675 977 423.

165 990 267 1036 429.
287 994 345 1036 ad
377 1007 510 1048 quam
544 1009 742 1037 normam
773 999 905 1038 etiam
942 1011 984 1052 p.
1020 996 1120 1038 426.
1153 997 1340 1038 fortasse
1372 994 1674 1037 scribendum:

165 1050 321 1103 μήποτε
342 1051 381 1093 δὲ
398 1052 691 1098 καὶποῦναντιόν
713 1053 859 1102 ἀγαθὸν
881 1056 922 1110 ᾗ.
955 1055 1153 1096 SGHAEF.

226 1111 251 1136 ὓ
279 1106 544 1162 Frequenter
561 1110 846 1154 Grammatici
886 1111 1026 1154 Graeci
1056 1115 1224 1153 ἐλλιπῶς
1245 1107 1408 1152 habent
1433 1111 1587 1159 μήποτε
1618 1107 1675 1156 δὲ)

165 1171 265 1207 mm
295 1167 404 1208 nihil
436 1167 671 1216 affirmant,
720 1170 794 1210 sed
836 1183 940 1212 suas
971 1176 1147 1212 tantum
1188 1169 1491 1211 dubitationes
1520 1177 1678 1222 propo-

134 1249 136 1251 ·
197 1227 305 1275 unt3
353 1229 545 1278 tuncque
581 1227 806 1267 commode
845 1226 1071 1268 subaudiri
1111 1231 1257 1281 potest
1306 1229 1497 1267 σκεπτέον.
1574 1222 1676 1265 vid.

205 1282 455 1323 asaubonus
476 1283 521 1323 in
542 1284 826 1325 commentar.
861 1285 915 1325 ad
938 1284 1138 1326 Athenaei
1169 1285 1246 1326 lib.
1271 1285 1300 1325 i.
1323 1298 1357 1324 c.
1381 1297 1425 1324 x.
1459 1282 1676 1323 Scnwzss.

166 1335 312 1392 Vulgo
345 1343 522 1381 vertunt
551 1339 754 1397 fortasse.
832 1341 958 1383 Nihil
997 1346 1143 1383 autem
1180 1340 1557 1382 subaudiendum:
1609 1351 1679 1380 ac-

166 1400 316 1438 curate
350 1397 470 1438 enim
510 1411 602 1439 rem
638 1399 675 1439 si
711 1399 912 1450 aestimes,
952 1400 1107 1448 μήποτε
1141 1399 1361 1454 particula
1396 1401 1462 1439 est
1495 1399 1678 1439 interro-

168 1453 315 1506 gandi,
334 1454 671 1508 ponendumque
693 1457 737 1497 in
758 1457 922 1498 talibus
951 1458 1126 1509 signum
1162 1455 1535 1509 interrogationis,
1563 1453 1678 1506 quod

168 1511 333 1565 passim
350 1512 519 1554 faciunt
538 1515 570 1554 οἶ
588 1515 851 1569 ἀκριβέστεροι.
913 1515 1028 1556 Vide
1061 1515 1324 1556 Athenaeu'm
1354 1518 1389 1554 t.
1425 1514 1482 1554 iv.
1512 1526 1558 1567 p.
1575 1510 1676 1552 306.

167 1569 268 1610 coll.
289 1567 550 1611 Valckenar.
588 1571 749 1612 Adnot.
797 1573 843 1613 in
877 1571 1087 1614 Adoniaz.
1123 1571 1300 1613 Theocr.
1336 1584 1380 1625 p.
1416 1569 1516 1612 294.
1548 1568 1597 1610 Β.
1634 1571 1680 1610 et

170 1624 459 1669 Scholiastam
473 1628 527 1669 ad
550 1627 726 1669 Pindar.
750 1627 879 1671 Nem.
916 1645 958 1671 v.
982 1630 1052 1672 25.
1074 1630 1174 1670 coll.
1205 1630 1355 1671 eodem
1391 1630 1486 1669 viro
1520 1628 1682 1670 eximio

169 1683 219 1726 in
247 1681 371 1738 Eleg.
404 1683 569 1727 Catulli
593 1684 770 1727 Gallim.
808 1700 853 1740 p.
894 1688 988 1729 113.
1049 1686 1255 1728 Ceterum
1287 1700 1376 1727 non
1405 1686 1485 1727 soli
1523 1683 1680 1726 Gram-

170 1741 321 1794 matici
342 1743 416 1784 illa
435 1745 654 1798 particula
674 1746 736 1785 sic
764 1749 964 1786 utuntur.
1022 1744 1123 1785 Vid.
1157 1744 1383 1797 Longinus
1420 1743 1603 1784 xxxviii.
1635 1754 1680 1796 p.

176 1797 270 1842 135.
328 1798 469 1854 Toup.
494 1800 719 1854 Meleager
739 1802 819 1842 liii.
840 1815 930 1843 ver.
953 1803 995 1844 5.
1029 1802 1057 1843 ὦ
1077 1803 1226 1850 πτανοὶ,
1247 1802 1306 1848 μὴ
1322 1803 1387 1841 καί
1407 1802 1499 1840 ποτ’
1518 1802 1681 1853 ἐφίπται

173 1853 263 1899 σθαι
295 1858 382 1905 μὲν,
407 1856 597 1913 ”Ερωτές,
627 1857 793 1906 Οἴδαθ,
823 1863 1039 1903 ἀποπτῆναι
1069 1859 1194 1900 δὀὐδ’
1227 1860 1305 1899 ὅσον
1339 1861 1523 1911 ἰσχύει-ες
1566 1856 1684 1910 quod

173 1915 306 1954 miror
344 1915 428 1968 ipsi
459 1916 569 1956 adeo
602 1914 834 1957 Huschkio
868 1918 1158 1972 displicuisse.
1238 1915 1409 1970 Copula
1447 1920 1593 1957 autem
1628 1920 1683 1956 ne

173 1973 220 2010 te
239 1970 450 2019 offendat,
469 1973 564 2024 lege
584 1972 761 2014 Porsoni
792 1979 943 2015 notam
978 1975 1034 2016 ad
1070 1973 1268 2028 Euripid.
1304 1973 1457 2015 Phoen.
1492 1986 1534 2014 v.
1561 1972 1683 2014 1373.

174 2024 224 2068 In
246 2027 474 2070 Mnasalca
496 2030 526 2070 i.
562 2043 661 2071 cum
689 2029 915 2073 Wartono.
940 2031 1242 2074 scribendum:
1285 2030 1492 2079 ”Αμπελε,
1527 2031 1683 2078 μήποτε

174 2087 307 2137 φύλλα
324 2085 459 2138 χαμαὶ
480 2086 686 2128 σπεύδουσα
703 2087 896 2135 βαλέσθαι
912 2090 1071 2130 Δείδιας
1092 2092 1181 2130 ἐστέ
1204 2106 1251 2129 ιον
1271 2087 1454 2130 Πλειάδα
1473 2088 1651 2133 δυομέναν
1670 2101 1682 2134 ;

174 2140 375 2195 Satyrius
393 2143 552 2196 Thyill.
575 2146 629 2186 iv.
652 2159 740 2186 ver.
760 2145 803 2186 5.
834 2147 980 2193 μήποτ’
1004 2147 1138 2187 ἐκείνου
1158 2107 1322 2188 (ςῦτοςὸ
1352 2146 1551 2194 δεσμώτης
1569 2145 1686 2186 αὐτὸς

171 2198 277 2242 ’ἔδησε
305 2203 444 2255 φρένα;
478 2200 675 2244 Senium.
1062 2220 1072 2224 “

614 2283 840 2335 ΣΚΕΎΗ,
854 2283 1102 2328 APPARA
1113 2279 1229 2328 TUS.

229 2352 440 2406 ’Ὄτοδεξίπ
472 2361 599 2400 notat
630 2366 902 2415 apparmum,
938 2374 1027 2413 quo
1060 2362 1160 2413 quis
1190 2359 1434 2416 excipitur:
1477 2361 1550 2402 sed
1579 2369 1686 2416 quoa

179 2412 300 2453 niam
315 2418 383 2455 est
402 2428 485 2456 vox
504 2416 741 2468 adjectiva,
761 2420 806 2459 in
821 2431 872 2460 ea
888 2419 1112 2460 subaudiri
1127 2418 1257 2460 debet
1274 2419 1387 2461 σκευὴ
1399 2419 1467 2461 vel
1488 2421 1684 2461 σκευασίαι

182 2459 401 2512 Homerus
420 2465 544 2513 Iliad.
563 2471 597 2514 I.
624 2488 718 2516 ver.
742 2475 811 2516 73.

350 2531 515 2570 -πᾶσσέ
531 2533 589 2571 τοί
607 2530 689 2572 ἐσθ’
704 2532 894 2582 ὑποδεξίη.

179 2599 238 2628 sc.
259 2589 451 2628 σκευασία.

348 2644 540 2686 —mnnis
558 2644 639 2687 tibi
655 2645 933 2705 (apparatus)
951 2654 1026 2697 est,
1043 2661 1125 2706 quo
1143 2663 1212 2692 eos
1228 2648 1415 2706 accipere
1429 2663 1572 2706 queas.

180 2698 410 2756 [Τπδεξίη
438 2703 545 2755 quid
562 2717 641 2744 nos
672 2705 882 2759 impediat
915 2719 997 2761 pro
1016 2708 1289 2749 substantivo
1326 2708 1501 2755 habere,
1531 2720 1688 2762 pamm

179 2759 394 2813 intelligo.
453 2759 581 2802 Adde
620 2763 733 2814 quod
755 2763 1017 2816 adjectivum
1050 2765 1172 2814 illud¹
1209 2762 1410 2815 ὑποδέξιος,
1442 2766 1543 2812 nisi,
1573 2763 1690 2818 quod

180 2816 353 2870 §pinon
372 2818 502 2872 plane
523 2819 766 2868 confictum,
786 2823 904 2863 certe
926 2822 1025 2864 fidei
1056 2822 1288 2864 admodum
1319 2823 1463 2864 dubiae
1497 2826 1577 2864 est.
1638 2820 1690 2863 In

183 2869 434 2916 Herodoteo
453 2877 632 2930 quidem
666 2878 778 2927 loco,
814 2891 943 2932 quem
969 2881 1101 2934 vulgo
1129 2882 1304 2923 unicum
1337 2879 1499 2922 Lexica
1533 2882 1690 2927 citant,

181 2931 261 2976 vii.
278 2945 319 2977 c.
338 2930 413 2986 49,
449 2933 489 2979 l.
519 2933 754 2987 ὑποδεξίμωυ
785 2937 1089 2992 corrigendum
1122 2946 1218 2982 esse
1251 2936 1570 2981 Valckenarius
1604 2950 1693 2985 non
