<?xml version="1.0" encoding="UTF-8"?>
<!DOCTYPE html PUBLIC "-//W3C//DTD XHTML 1.0 Transitional//EN"
    "http://www.w3.org/TR/xhtml1/DTD/xhtml1-transitional.dtd">
<html xmlns="http://www.w3.org/1999/xhtml" xml:lang="en" lang="en">
 <head>
  <title>
</title>
<meta http-equiv="Content-Type" content="text/html;charset=utf-8" />
  <meta name='ocr-system' content='tesseract 3.04.00' />
  <meta name='ocr-capabilities' content='ocr_page ocr_carea ocr_par ocr_line ocrx_word'/>
</head>
<body>
  <div class='ocr_page' id='page_1' title='image "./ellipsesgraecaec00bosluoft_0646.png"; bbox 0 0 1838 3164; ppageno 0'>
   <div class='ocr_carea' id='block_1_1' title="bbox 197 96 1366 146">
    <p class='ocr_par' dir='ltr' id='par_1_1' title="bbox 197 96 1366 146">
     <span class='ocr_line' id='line_1_1' title="bbox 197 96 1366 146; baseline -0.001 -4"><span class='ocrx_word' id='word_1_1' title='bbox 197 96 256 142; x_wconf 86' lang='lat'><strong>40</strong></span> <span class='ocrx_word' id='word_1_2' title='bbox 581 101 899 146; x_wconf 88' lang='lat' dir='ltr'><strong>PLEONASMI</strong></span> <span class='ocrx_word' id='word_1_3' title='bbox 927 101 1366 145; x_wconf 80' lang='lat' dir='ltr'><strong>ADJEC&#39;PIVORUM.</strong></span> 
     </span>
    </p>
   </div>
   <div class='ocr_carea' id='block_1_2' title="bbox 195 214 1745 1125">
    <p class='ocr_par' dir='ltr' id='par_1_2' title="bbox 195 214 1745 1125">
     <span class='ocr_line' id='line_1_2' title="bbox 202 214 1708 273; baseline -0.003 -15"><span class='ocrx_word' id='word_1_4' title='bbox 202 230 274 272; x_wconf 88' lang='lat' dir='ltr'><strong>ap.</strong></span> <span class='ocrx_word' id='word_1_5' title='bbox 310 214 661 272; x_wconf 84' lang='lat' dir='ltr'>Xenophontem,</span> <span class='ocrx_word' id='word_1_6' title='bbox 683 216 795 273; x_wconf 84' lang='lat' dir='ltr'><strong>Exp.</strong></span> <span class='ocrx_word' id='word_1_7' title='bbox 832 217 933 272; x_wconf 90' lang='lat' dir='ltr'><strong>Cyri</strong></span> <span class='ocrx_word' id='word_1_8' title='bbox 967 219 997 260; x_wconf 90' lang='lat' dir='ltr'><strong>i.</strong></span> <span class='ocrx_word' id='word_1_9' title='bbox 1034 218 1078 266; x_wconf 87' lang='grc'><strong>5,</strong></span> <span class='ocrx_word' id='word_1_10' title='bbox 1114 217 1156 259; x_wconf 89' lang='grc'><strong>5.</strong></span> <span class='ocrx_word' id='word_1_11' title='bbox 1196 216 1273 258; x_wconf 90' lang='lat' dir='ltr'><strong>ubi</strong></span> <span class='ocrx_word' id='word_1_12' title='bbox 1308 215 1455 257; x_wconf 85' lang='lat' dir='ltr'><strong>notavi</strong></span> <span class='ocrx_word' id='word_1_13' title='bbox 1479 215 1565 256; x_wconf 91' lang='lat' dir='ltr'><strong>duo</strong></span> <span class='ocrx_word' id='word_1_14' title='bbox 1596 215 1708 255; x_wconf 81' lang='lat' dir='ltr'><strong>loca,</strong></span> 
     </span>
     <span class='ocr_line' id='line_1_3' title="bbox 203 263 1706 331; baseline -0.002 -15"><span class='ocrx_word' id='word_1_15' title='bbox 203 275 365 329; x_wconf 88' lang='lat' dir='ltr'><strong>quibus</strong></span> <span class='ocrx_word' id='word_1_16' title='bbox 385 275 499 317; x_wconf 89' lang='lat' dir='ltr'><strong>addo</strong></span> <span class='ocrx_word' id='word_1_17' title='bbox 520 274 631 317; x_wconf 88' lang='lat' dir='ltr'><strong>Plat.</strong></span> <span class='ocrx_word' id='word_1_18' title='bbox 654 275 797 318; x_wconf 85' lang='lat' dir='ltr'><strong>Alcib.</strong></span> <span class='ocrx_word' id='word_1_19' title='bbox 818 277 848 317; x_wconf 89' lang='lat' dir='ltr'><strong>i.</strong></span> <span class='ocrx_word' id='word_1_20' title='bbox 883 277 969 320; x_wconf 89' lang='lat' dir='ltr'><strong>vol.</strong></span> <span class='ocrx_word' id='word_1_21' title='bbox 1005 289 1043 317; x_wconf 86' lang='lat' dir='ltr'><strong>v.</strong></span> <span class='ocrx_word' id='word_1_22' title='bbox 1078 290 1122 331; x_wconf 85' lang='lat' dir='ltr'><strong>p.</strong></span> <span class='ocrx_word' id='word_1_23' title='bbox 1157 274 1225 316; x_wconf 79' lang='lat'><strong>22.</strong></span> <span class='ocrx_word' id='word_1_24' title='bbox 1260 276 1338 314; x_wconf 79' lang='grc' dir='ltr'><em>τοῖς</em></span> <span class='ocrx_word' id='word_1_25' title='bbox 1363 291 1405 314; x_wconf 77' lang='grc' dir='ltr'><strong>τε</strong></span> <span class='ocrx_word' id='word_1_26' title='bbox 1431 272 1614 326; x_wconf 77' lang='grc' dir='ltr'>Ἀχαιοῖς</span> <span class='ocrx_word' id='word_1_27' title='bbox 1642 263 1706 309; x_wconf 80' lang='grc' dir='ltr'><strong>καῖ</strong></span> 
     </span>
     <span class='ocr_line' id='line_1_4' title="bbox 203 327 1705 391; baseline -0.003 -18"><span class='ocrx_word' id='word_1_28' title='bbox 203 335 284 374; x_wconf 75' lang='grc' dir='ltr'><em>τοῖς</em></span> <span class='ocrx_word' id='word_1_29' title='bbox 304 332 437 374; x_wconf 73' lang='grc' dir='ltr'><strong>ἄλλοις</strong></span> <span class='ocrx_word' id='word_1_30' title='bbox 454 331 627 389; x_wconf 63' lang='grc' dir='ltr'><em>Τρωσίνε</em></span> <span class='ocrx_word' id='word_1_31' title='bbox 660 338 703 375; x_wconf 79' lang='lat' dir='ltr'><strong>et</strong></span> <span class='ocrx_word' id='word_1_32' title='bbox 723 348 767 388; x_wconf 87' lang='lat' dir='ltr'><strong>p.</strong></span> <span class='ocrx_word' id='word_1_33' title='bbox 788 332 857 374; x_wconf 82' lang='grc'><strong>40.</strong></span> <span class='ocrx_word' id='word_1_34' title='bbox 890 334 971 389; x_wconf 76' lang='grc' dir='ltr'>ὅρα,</span> <span class='ocrx_word' id='word_1_35' title='bbox 992 332 1053 382; x_wconf 65' lang='grc' dir='ltr'><strong>μὶ)</strong></span> <span class='ocrx_word' id='word_1_36' title='bbox 1083 339 1137 391; x_wconf 77' lang='grc' dir='ltr'><strong>τῷ</strong></span> <span class='ocrx_word' id='word_1_37' title='bbox 1172 350 1214 374; x_wconf 83' lang='grc' dir='ltr'><strong>τε</strong></span> <span class='ocrx_word' id='word_1_38' title='bbox 1246 333 1371 380; x_wconf 66' lang='grc' dir='ltr'><strong><em>γένους</em></strong></span> <span class='ocrx_word' id='word_1_39' title='bbox 1401 330 1502 386; x_wconf 75' lang='grc' dir='ltr'><em>’όγκῳ</em></span> <span class='ocrx_word' id='word_1_40' title='bbox 1534 327 1705 371; x_wconf 78' lang='grc' dir='ltr'>ἐλαττώ-</span> 
     </span>
     <span class='ocr_line' id='line_1_5' title="bbox 200 387 1745 447; baseline -0.001 -16"><span class='ocrx_word' id='word_1_41' title='bbox 200 389 311 439; x_wconf 65' lang='grc' dir='ltr'>μεθα</span> <span class='ocrx_word' id='word_1_42' title='bbox 332 394 406 431; x_wconf 75' lang='grc' dir='ltr'><strong>τῶν</strong></span> <span class='ocrx_word' id='word_1_43' title='bbox 426 391 562 446; x_wconf 70' lang='grc' dir='ltr'>ἀνδρῶν</span> <span class='ocrx_word' id='word_1_44' title='bbox 581 390 646 432; x_wconf 80' lang='grc' dir='ltr'><strong>καῖ</strong></span> <span class='ocrx_word' id='word_1_45' title='bbox 667 396 719 447; x_wconf 77' lang='grc' dir='ltr'><strong>τῇ</strong></span> <span class='ocrx_word' id='word_1_46' title='bbox 740 390 847 446; x_wconf 72' lang='grc' dir='ltr'>ἄλλῃ</span> <span class='ocrx_word' id='word_1_47' title='bbox 869 396 1002 447; x_wconf 65' lang='grc' dir='ltr'><strong>τροφῇ.</strong></span> <span class='ocrx_word' id='word_1_48' title='bbox 1065 390 1186 432; x_wconf 87' lang='lat' dir='ltr'>Idem</span> <span class='ocrx_word' id='word_1_49' title='bbox 1205 391 1257 431; x_wconf 88' lang='lat' dir='ltr'><strong>de</strong></span> <span class='ocrx_word' id='word_1_50' title='bbox 1285 403 1374 444; x_wconf 80' lang='lat' dir='ltr'><strong>rep.</strong></span> <span class='ocrx_word' id='word_1_51' title='bbox 1404 390 1452 430; x_wconf 84' lang='lat' dir='ltr'><strong>ii.</strong></span> <span class='ocrx_word' id='word_1_52' title='bbox 1474 388 1560 429; x_wconf 88' lang='lat' dir='ltr'><strong>vol.</strong></span> <span class='ocrx_word' id='word_1_53' title='bbox 1576 387 1639 429; x_wconf 72' lang='lat' dir='ltr'><strong>vi.</strong></span> <span class='ocrx_word' id='word_1_54' title='bbox 1660 396 1706 437; x_wconf 86' lang='lat' dir='ltr'><strong>p·</strong></span> <span class='ocrx_word' id='word_1_55' title='bbox 1743 426 1745 429; x_wconf 80' lang='grc'>,</span> 
     </span>
     <span class='ocr_line' id='line_1_6' title="bbox 200 441 1705 504; baseline -0.003 -15"><span class='ocrx_word' id='word_1_56' title='bbox 200 447 302 489; x_wconf 82' lang='grc'><strong>234.</strong></span> <span class='ocrx_word' id='word_1_57' title='bbox 336 447 394 488; x_wconf 77' lang='grc' dir='ltr'><strong>δεῖ</strong></span> <span class='ocrx_word' id='word_1_58' title='bbox 407 449 498 497; x_wconf 71' lang='grc' dir='ltr'>’ἡμῖν</span> <span class='ocrx_word' id='word_1_59' title='bbox 520 453 571 504; x_wconf 78' lang='grc' dir='ltr'><strong>τῇ</strong></span> <span class='ocrx_word' id='word_1_60' title='bbox 599 450 737 491; x_wconf 78' lang='grc' dir='ltr'><strong>πόλει.</strong></span> <span class='ocrx_word' id='word_1_61' title='bbox 762 481 771 490; x_wconf 94' lang='grc'><strong>.</strong></span> <span class='ocrx_word' id='word_1_62' title='bbox 793 479 804 489; x_wconf 92' lang='grc'><strong>.</strong></span> <span class='ocrx_word' id='word_1_63' title='bbox 827 448 891 489; x_wconf 75' lang='grc' dir='ltr'>καὶ</span> <span class='ocrx_word' id='word_1_64' title='bbox 917 452 990 490; x_wconf 79' lang='grc' dir='ltr'><strong>τῶν</strong></span> <span class='ocrx_word' id='word_1_65' title='bbox 1019 447 1147 491; x_wconf 73' lang='grc' dir='ltr'><strong>ἄλλων</strong></span> <span class='ocrx_word' id='word_1_66' title='bbox 1177 448 1347 489; x_wconf 78' lang='grc' dir='ltr'>διακόνων</span> <span class='ocrx_word' id='word_1_67' title='bbox 1378 462 1463 488; x_wconf 77' lang='grc' dir='ltr'><strong>που.</strong></span> <span class='ocrx_word' id='word_1_68' title='bbox 1518 441 1705 487; x_wconf 55' lang='grc' dir='ltr'><strong>ΪΛΠόἰᾶῐι·</strong></span> 
     </span>
     <span class='ocr_line' id='line_1_7' title="bbox 199 498 1709 555; baseline -0.004 -8"><span class='ocrx_word' id='word_1_69' title='bbox 199 505 322 547; x_wconf 83' lang='lat' dir='ltr'><strong>diall.</strong></span> <span class='ocrx_word' id='word_1_70' title='bbox 346 509 474 547; x_wconf 78' lang='lat' dir='ltr'><strong>mort.</strong></span> <span class='ocrx_word' id='word_1_71' title='bbox 494 504 563 548; x_wconf 78' lang='grc'><strong>29.</strong></span> <span class='ocrx_word' id='word_1_72' title='bbox 592 507 628 548; x_wconf 88' lang='lat' dir='ltr'><strong>l.</strong></span> <span class='ocrx_word' id='word_1_73' title='bbox 662 509 770 555; x_wconf 78' lang='grc' dir='ltr'><em>ὑμεῖς</em></span> <span class='ocrx_word' id='word_1_74' title='bbox 789 508 820 546; x_wconf 82' lang='grc' dir='ltr'><strong>οἱ</strong></span> <span class='ocrx_word' id='word_1_75' title='bbox 851 504 979 554; x_wconf 73' lang='grc' dir='ltr'>ἄλλοι,</span> <span class='ocrx_word' id='word_1_76' title='bbox 1008 505 1109 548; x_wconf 76' lang='grc' dir='ltr'>πολὺ</span> <span class='ocrx_word' id='word_1_77' title='bbox 1139 507 1322 555; x_wconf 73' lang='grc' dir='ltr'><em>ἀμείνονες</em></span> <span class='ocrx_word' id='word_1_78' title='bbox 1351 503 1467 554; x_wconf 71' lang='grc' dir='ltr'><strong>’όν-τες,</strong></span> <span class='ocrx_word' id='word_1_79' title='bbox 1493 498 1709 545; x_wconf 62' lang='grc' dir='ltr'>ἀπείπασθε</span> 
     </span>
     <span class='ocr_line' id='line_1_8' title="bbox 198 560 1711 618; baseline -0.003 -15"><span class='ocrx_word' id='word_1_80' title='bbox 198 562 264 604; x_wconf 77' lang='grc' dir='ltr'><strong>τὸν</strong></span> <span class='ocrx_word' id='word_1_81' title='bbox 284 566 429 611; x_wconf 65' lang='grc' dir='ltr'>ἀγῶνα.</span> <span class='ocrx_word' id='word_1_82' title='bbox 491 562 601 605; x_wconf 89' lang='lat' dir='ltr'><strong>Cum</strong></span> <span class='ocrx_word' id='word_1_83' title='bbox 622 569 845 618; x_wconf 89' lang='lat' dir='ltr'><strong>postremo</strong></span> <span class='ocrx_word' id='word_1_84' title='bbox 867 564 960 604; x_wconf 89' lang='lat' dir='ltr'><strong>loco</strong></span> <span class='ocrx_word' id='word_1_85' title='bbox 988 565 1230 617; x_wconf 88' lang='lat' dir='ltr'><strong>comparari</strong></span> <span class='ocrx_word' id='word_1_86' title='bbox 1265 565 1412 617; x_wconf 86' lang='lat' dir='ltr'><strong>potest</strong></span> <span class='ocrx_word' id='word_1_87' title='bbox 1432 562 1574 602; x_wconf 81' lang='lat' dir='ltr'><strong>forma</strong></span> <span class='ocrx_word' id='word_1_88' title='bbox 1593 560 1711 615; x_wconf 90' lang='lat' dir='ltr'><strong>pleo-</strong></span> 
     </span>
     <span class='ocr_line' id='line_1_9' title="bbox 197 617 1711 678; baseline -0.003 -16"><span class='ocrx_word' id='word_1_89' title='bbox 197 621 342 662; x_wconf 87' lang='lat' dir='ltr'><strong>nasmi</strong></span> <span class='ocrx_word' id='word_1_90' title='bbox 364 619 680 675; x_wconf 82' lang='lat' dir='ltr'><strong>Francogallici</strong></span> <span class='ocrx_word' id='word_1_91' title='bbox 699 636 709 662; x_wconf 79' lang='lat' dir='ltr'><em>z</em></span> <span class='ocrx_word' id='word_1_92' title='bbox 754 620 868 663; x_wconf 82' lang='lat' dir='ltr'><strong>Vous</strong></span> <span class='ocrx_word' id='word_1_93' title='bbox 879 626 1018 663; x_wconf 78' lang='lat' dir='ltr'><em>autres</em></span> <span class='ocrx_word' id='word_1_94' title='bbox 1033 620 1110 678; x_wconf 77' lang='lat' dir='ltr'><strong>qui</strong></span> <span class='ocrx_word' id='word_1_95' title='bbox 1122 618 1206 664; x_wconf 57' lang='lat' dir='ltr'><strong>&amp;tes</strong></span> <span class='ocrx_word' id='word_1_96' title='bbox 1217 619 1429 675; x_wconf 67' lang='lat' dir='ltr'><strong>beaucoup</strong></span> <span class='ocrx_word' id='word_1_97' title='bbox 1440 617 1540 675; x_wconf 77' lang='lat' dir='ltr'><strong>plus</strong></span> <span class='ocrx_word' id='word_1_98' title='bbox 1552 618 1711 662; x_wconf 64' lang='lat' dir='ltr'><strong>brewes,</strong></span> 
     </span>
     <span class='ocr_line' id='line_1_10' title="bbox 200 676 1708 734; baseline -0.003 -14"><span class='ocrx_word' id='word_1_99' title='bbox 200 682 284 720; x_wconf 85' lang='lat' dir='ltr'><strong>etc.</strong></span> <span class='ocrx_word' id='word_1_100' title='bbox 346 677 531 732; x_wconf 81' lang='lat' dir='ltr'><strong>Majoris</strong></span> <span class='ocrx_word' id='word_1_101' title='bbox 567 680 897 734; x_wconf 81' lang='lat' dir='ltr'><strong>perspicuitatis</strong></span> <span class='ocrx_word' id='word_1_102' title='bbox 917 692 1050 721; x_wconf 87' lang='lat' dir='ltr'><strong>causa</strong></span> <span class='ocrx_word' id='word_1_103' title='bbox 1080 681 1142 720; x_wconf 86' lang='lat' dir='ltr'><strong>sio</strong></span> <span class='ocrx_word' id='word_1_104' title='bbox 1171 677 1290 720; x_wconf 79' lang='grc' dir='ltr'>ἄλλος</span> <span class='ocrx_word' id='word_1_105' title='bbox 1319 677 1518 719; x_wconf 80' lang='lat' dir='ltr'><strong>adhiberi</strong></span> <span class='ocrx_word' id='word_1_106' title='bbox 1553 676 1708 731; x_wconf 85' lang='lat' dir='ltr'><strong>proba-</strong></span> 
     </span>
     <span class='ocr_line' id='line_1_11' title="bbox 198 736 1706 791; baseline -0.003 -13"><span class='ocrx_word' id='word_1_107' title='bbox 198 736 288 778; x_wconf 88' lang='lat' dir='ltr'><strong>bile</strong></span> <span class='ocrx_word' id='word_1_108' title='bbox 309 740 388 778; x_wconf 91' lang='lat' dir='ltr'><strong>est.</strong></span> <span class='ocrx_word' id='word_1_109' title='bbox 420 736 507 778; x_wconf 89' lang='lat' dir='ltr'><strong>Sed</strong></span> <span class='ocrx_word' id='word_1_110' title='bbox 528 750 675 778; x_wconf 86' lang='lat' dir='ltr'><strong>rursus</strong></span> <span class='ocrx_word' id='word_1_111' title='bbox 708 750 854 779; x_wconf 86' lang='lat' dir='ltr'><strong>secum</strong></span> <span class='ocrx_word' id='word_1_112' title='bbox 874 736 1003 778; x_wconf 62' lang='lat' dir='ltr'><strong>affert</strong></span> <span class='ocrx_word' id='word_1_113' title='bbox 1033 737 1205 791; x_wconf 82' lang='lat' dir='ltr'><strong>ellipsin</strong></span> <span class='ocrx_word' id='word_1_114' title='bbox 1238 737 1476 789; x_wconf 86' lang='lat' dir='ltr'><strong>quandam,</strong></span> <span class='ocrx_word' id='word_1_115' title='bbox 1507 747 1606 787; x_wconf 86' lang='lat' dir='ltr'><strong>quae</strong></span> <span class='ocrx_word' id='word_1_116' title='bbox 1625 743 1706 774; x_wconf 89' lang='lat' dir='ltr'><strong>usu</strong></span> 
     </span>
     <span class='ocr_line' id='line_1_12' title="bbox 198 791 1709 843; baseline -0.003 -9"><span class='ocrx_word' id='word_1_117' title='bbox 198 793 354 836; x_wconf 84' lang='lat' dir='ltr'><strong>debuit</strong></span> <span class='ocrx_word' id='word_1_118' title='bbox 374 807 468 836; x_wconf 90' lang='lat' dir='ltr'><strong>esse</strong></span> <span class='ocrx_word' id='word_1_119' title='bbox 504 796 610 836; x_wconf 87' lang='lat' dir='ltr'><strong>satis</strong></span> <span class='ocrx_word' id='word_1_120' title='bbox 643 795 764 843; x_wconf 87' lang='lat' dir='ltr'><strong>trita,</strong></span> <span class='ocrx_word' id='word_1_121' title='bbox 798 799 848 836; x_wconf 87' lang='lat' dir='ltr'><strong>ut</strong></span> <span class='ocrx_word' id='word_1_122' title='bbox 882 795 1065 836; x_wconf 86' lang='lat' dir='ltr'><strong>obscura</strong></span> <span class='ocrx_word' id='word_1_123' title='bbox 1093 795 1308 835; x_wconf 87' lang='lat' dir='ltr'><strong>brevitate</strong></span> <span class='ocrx_word' id='word_1_124' title='bbox 1342 806 1427 834; x_wconf 92' lang='lat' dir='ltr'><strong>non</strong></span> <span class='ocrx_word' id='word_1_125' title='bbox 1457 791 1709 832; x_wconf 88' lang='lat' dir='ltr'><strong>offenderet.</strong></span> 
     </span>
     <span class='ocr_line' id='line_1_13' title="bbox 198 848 1712 906; baseline -0.003 -13"><span class='ocrx_word' id='word_1_126' title='bbox 198 850 317 893; x_wconf 88' lang='lat' dir='ltr'><strong>Nam</strong></span> <span class='ocrx_word' id='word_1_127' title='bbox 338 852 383 892; x_wconf 93' lang='lat' dir='ltr'><strong>in</strong></span> <span class='ocrx_word' id='word_1_128' title='bbox 400 854 543 906; x_wconf 83' lang='lat' dir='ltr'><strong>primo</strong></span> <span class='ocrx_word' id='word_1_129' title='bbox 565 851 760 894; x_wconf 86' lang='lat' dir='ltr'><strong>Platonis</strong></span> <span class='ocrx_word' id='word_1_130' title='bbox 779 854 872 894; x_wconf 88' lang='lat' dir='ltr'><strong>loco</strong></span> <span class='ocrx_word' id='word_1_131' title='bbox 888 867 928 894; x_wconf 90' lang='lat' dir='ltr'><strong>v.</strong></span> <span class='ocrx_word' id='word_1_132' title='bbox 950 867 987 895; x_wconf 79' lang='lat' dir='ltr'><strong>c.</strong></span> <span class='ocrx_word' id='word_1_133' title='bbox 1021 866 1107 894; x_wconf 90' lang='lat' dir='ltr'><strong>non</strong></span> <span class='ocrx_word' id='word_1_134' title='bbox 1130 851 1287 893; x_wconf 85' lang='lat' dir='ltr'><strong>sufficit</strong></span> <span class='ocrx_word' id='word_1_135' title='bbox 1306 851 1362 892; x_wconf 89' lang='lat' dir='ltr'><strong>ad</strong></span> <span class='ocrx_word' id='word_1_136' title='bbox 1381 848 1712 901; x_wconf 83' lang='lat' dir='ltr'><strong>distinguendos</strong></span> 
     </span>
     <span class='ocr_line' id='line_1_14' title="bbox 195 906 1714 963; baseline -0.003 -14"><span class='ocrx_word' id='word_1_137' title='bbox 195 921 225 949; x_wconf 87' lang='lat' dir='ltr'><strong>a</strong></span> <span class='ocrx_word' id='word_1_138' title='bbox 248 909 415 951; x_wconf 85' lang='lat' dir='ltr'><strong>Graecis</strong></span> <span class='ocrx_word' id='word_1_139' title='bbox 429 909 660 963; x_wconf 75' lang='lat' dir='ltr'><strong>Trojanos‚</strong></span> <span class='ocrx_word' id='word_1_140' title='bbox 675 910 710 951; x_wconf 92' lang='lat' dir='ltr'><strong>si</strong></span> <span class='ocrx_word' id='word_1_141' title='bbox 730 923 831 952; x_wconf 88' lang='lat' dir='ltr'><strong>casu</strong></span> <span class='ocrx_word' id='word_1_142' title='bbox 849 912 1040 951; x_wconf 88' lang='lat' dir='ltr'><strong>nominis</strong></span> <span class='ocrx_word' id='word_1_143' title='bbox 1059 909 1177 951; x_wconf 78' lang='grc' dir='ltr'>ἄλλος</span> <span class='ocrx_word' id='word_1_144' title='bbox 1188 913 1234 950; x_wconf 89' lang='lat' dir='ltr'><strong>et</strong></span> <span class='ocrx_word' id='word_1_145' title='bbox 1248 908 1411 950; x_wconf 88' lang='lat' dir='ltr'><strong>vicinia</strong></span> <span class='ocrx_word' id='word_1_146' title='bbox 1426 906 1714 959; x_wconf 75' lang='lat' dir='ltr'><strong>significatur,</strong></span> 
     </span>
     <span class='ocr_line' id='line_1_15' title="bbox 195 963 1720 1022; baseline -0.003 -15"><span class='ocrx_word' id='word_1_147' title='bbox 195 967 244 1007; x_wconf 87' lang='lat' dir='ltr'><strong>id</strong></span> <span class='ocrx_word' id='word_1_148' title='bbox 264 968 486 1021; x_wconf 86' lang='lat' dir='ltr'><strong>pertinere</strong></span> <span class='ocrx_word' id='word_1_149' title='bbox 505 968 561 1008; x_wconf 86' lang='lat' dir='ltr'><strong>ad</strong></span> <span class='ocrx_word' id='word_1_150' title='bbox 577 965 737 1022; x_wconf 80' lang='grc' dir='ltr'>Τρωσὶν,</span> <span class='ocrx_word' id='word_1_151' title='bbox 758 969 832 1010; x_wconf 89' lang='lat' dir='ltr'><strong>sed</strong></span> <span class='ocrx_word' id='word_1_152' title='bbox 853 969 1051 1022; x_wconf 90' lang='lat' dir='ltr'><strong>pluribus</strong></span> <span class='ocrx_word' id='word_1_153' title='bbox 1071 968 1214 1010; x_wconf 86' lang='lat' dir='ltr'><strong>verbis</strong></span> <span class='ocrx_word' id='word_1_154' title='bbox 1232 969 1276 1007; x_wconf 91' lang='lat' dir='ltr'><strong>et</strong></span> <span class='ocrx_word' id='word_1_155' title='bbox 1294 963 1507 1021; x_wconf 87' lang='lat' dir='ltr'><strong>peculiari</strong></span> <span class='ocrx_word' id='word_1_156' title='bbox 1526 963 1720 1016; x_wconf 77' lang='lat' dir='ltr'><strong>quadam&#39;</strong></span> 
     </span>
     <span class='ocr_line' id='line_1_16' title="bbox 199 1018 1716 1122; baseline -0.003 -57"><span class='ocrx_word' id='word_1_157' title='bbox 199 1025 422 1122; x_wconf 57' lang='lat' dir='ltr'><strong>Zententia</strong></span> <span class='ocrx_word' id='word_1_158' title='bbox 455 1025 543 1065; x_wconf 86' lang='lat' dir='ltr'><strong>dici</strong></span> <span class='ocrx_word' id='word_1_159' title='bbox 579 1025 770 1068; x_wconf 86' lang='lat' dir='ltr'><strong>debebat</strong></span> <span class='ocrx_word' id='word_1_160' title='bbox 817 1024 1097 1084; x_wconf 78' lang='lat' dir='ltr'><strong>Trojanorum</strong></span> <span class='ocrx_word' id='word_1_161' title='bbox 1128 1030 1297 1080; x_wconf 81' lang='lat' dir='ltr'><strong>gentem</strong></span> <span class='ocrx_word' id='word_1_162' title='bbox 1333 1037 1361 1065; x_wconf 80' lang='lat' dir='ltr'><strong>a</strong></span> <span class='ocrx_word' id='word_1_163' title='bbox 1394 1019 1548 1065; x_wconf 77' lang='lat' dir='ltr'><strong>Graecis</strong></span> <span class='ocrx_word' id='word_1_164' title='bbox 1570 1018 1716 1078; x_wconf 78' lang='lat' dir='ltr'><strong>fuisse</strong></span> 
     </span>
     <span class='ocr_line' id='line_1_17' title="bbox 230 1093 427 1125; baseline -0.01 -1"><span class='ocrx_word' id='word_1_165' title='bbox 230 1093 427 1125; x_wconf 60' lang='lat' dir='ltr'><strong>aversam.</strong></span> 
     </span>
    </p>
   </div>
   <div class='ocr_carea' id='block_1_3' title="bbox 774 1163 1162 1206">
    <p class='ocr_par' dir='ltr' id='par_1_3' title="bbox 774 1163 1162 1206">
     <span class='ocr_line' id='line_1_18' title="bbox 774 1163 1162 1206; baseline 0 -1"><span class='ocrx_word' id='word_1_166' title='bbox 774 1163 1162 1206; x_wconf 85' lang='grc' dir='ltr'><strong>ΑΝΑΓΚΑΙΟΣ.</strong></span> 
     </span>
    </p>
   </div>
   <div class='ocr_carea' id='block_1_4' title="bbox 196 1242 1716 1934">
    <p class='ocr_par' dir='ltr' id='par_1_4' title="bbox 196 1242 1716 1934">
     <span class='ocr_line' id='line_1_19' title="bbox 257 1242 1716 1300; baseline -0.003 -9"><span class='ocrx_word' id='word_1_167' title='bbox 257 1248 356 1291; x_wconf 84' lang='lat' dir='ltr'><strong>Hoc</strong></span> <span class='ocrx_word' id='word_1_168' title='bbox 387 1247 641 1290; x_wconf 85' lang='lat' dir='ltr'><strong>Vechnerus</strong></span> <span class='ocrx_word' id='word_1_169' title='bbox 673 1248 719 1288; x_wconf 91' lang='lat' dir='ltr'><strong>in</strong></span> <span class='ocrx_word' id='word_1_170' title='bbox 753 1245 1061 1288; x_wconf 88' lang='lat' dir='ltr'><strong>Hellenolexia</strong></span> <span class='ocrx_word' id='word_1_171' title='bbox 1094 1247 1311 1300; x_wconf 86' lang='lat' dir='ltr'><strong>significat</strong></span> <span class='ocrx_word' id='word_1_172' title='bbox 1340 1246 1562 1288; x_wconf 85' lang='lat' dir='ltr'><strong>abundare</strong></span> <span class='ocrx_word' id='word_1_173' title='bbox 1597 1242 1716 1300; x_wconf 87' lang='lat' dir='ltr'><strong>apud</strong></span> 
     </span>
     <span class='ocr_line' id='line_1_20' title="bbox 198 1303 1714 1361; baseline -0.005 -12"><span class='ocrx_word' id='word_1_174' title='bbox 198 1304 473 1361; x_wconf 86' lang='lat' dir='ltr'><strong>Oppianum.</strong></span> <span class='ocrx_word' id='word_1_175' title='bbox 533 1305 650 1347; x_wconf 87' lang='lat' dir='ltr'><strong>Nam</strong></span> <span class='ocrx_word' id='word_1_176' title='bbox 690 1306 738 1345; x_wconf 89' lang='lat' dir='ltr'><strong>in</strong></span> <span class='ocrx_word' id='word_1_177' title='bbox 773 1303 935 1358; x_wconf 86' lang='lat' dir='ltr'><strong>Cyneg.</strong></span> <span class='ocrx_word' id='word_1_178' title='bbox 977 1306 1007 1345; x_wconf 89' lang='lat' dir='ltr'><strong>i.</strong></span> <span class='ocrx_word' id='word_1_179' title='bbox 1050 1304 1120 1345; x_wconf 80' lang='lat'><strong>82.</strong></span> <span class='ocrx_word' id='word_1_180' title='bbox 1161 1318 1193 1346; x_wconf 87' lang='lat' dir='ltr'><strong>s.</strong></span> <span class='ocrx_word' id='word_1_181' title='bbox 1216 1304 1279 1345; x_wconf 51' lang='lat' dir='ltr'><strong>*H</strong></span> <span class='ocrx_word' id='word_1_182' title='bbox 1319 1306 1393 1358; x_wconf 64' lang='grc' dir='ltr'><strong>«γάρ</strong></span> <span class='ocrx_word' id='word_1_183' title='bbox 1429 1320 1471 1344; x_wconf 84' lang='grc' dir='ltr'><strong>τε</strong></span> <span class='ocrx_word' id='word_1_184' title='bbox 1507 1304 1714 1343; x_wconf 75' lang='grc' dir='ltr'>σκοπέλοισι</span> 
     </span>
     <span class='ocr_line' id='line_1_21' title="bbox 199 1361 1713 1419; baseline -0.003 -15"><span class='ocrx_word' id='word_1_185' title='bbox 199 1363 320 1419; x_wconf 60' lang='grc' dir='ltr'>θορεῖν</span> <span class='ocrx_word' id='word_1_186' title='bbox 349 1366 437 1412; x_wconf 71' lang='grc' dir='ltr'><strong>μέγ’</strong></span> <span class='ocrx_word' id='word_1_187' title='bbox 461 1364 658 1416; x_wconf 75' lang='grc' dir='ltr'>ὑπείροχον</span> <span class='ocrx_word' id='word_1_188' title='bbox 692 1362 806 1403; x_wconf 73' lang='grc' dir='ltr'>ἵππον</span> <span class='ocrx_word' id='word_1_189' title='bbox 837 1362 953 1416; x_wconf 78' lang='grc' dir='ltr'>χρειὼ</span> <span class='ocrx_word' id='word_1_190' title='bbox 986 1363 1174 1411; x_wconf 69' lang='grc' dir='ltr'>ἀναγκαίη</span> <span class='ocrx_word' id='word_1_191' title='bbox 1206 1365 1429 1415; x_wconf 81' lang='lat' dir='ltr'><strong>postrema</strong></span> <span class='ocrx_word' id='word_1_192' title='bbox 1458 1361 1713 1413; x_wconf 66' lang='lat' dir='ltr'><strong>Verba‘vtoep-</strong></span> 
     </span>
     <span class='ocr_line' id='line_1_22' title="bbox 197 1418 1711 1473; baseline -0.003 -12"><span class='ocrx_word' id='word_1_193' title='bbox 197 1420 362 1464; x_wconf 68' lang='grc' dir='ltr'>άλληλα</span> <span class='ocrx_word' id='word_1_194' title='bbox 397 1434 488 1462; x_wconf 89' lang='lat' dir='ltr'><strong>esse</strong></span> <span class='ocrx_word' id='word_1_195' title='bbox 524 1421 644 1461; x_wconf 87' lang='lat' dir='ltr'><strong>dicit.</strong></span> <span class='ocrx_word' id='word_1_196' title='bbox 724 1418 821 1459; x_wconf 80' lang='lat' dir='ltr'><strong>Hoc</strong></span> <span class='ocrx_word' id='word_1_197' title='bbox 855 1423 1068 1471; x_wconf 88' lang='lat' dir='ltr'><strong>quatenus</strong></span> <span class='ocrx_word' id='word_1_198' title='bbox 1108 1419 1285 1473; x_wconf 87' lang='lat' dir='ltr'><strong>probari</strong></span> <span class='ocrx_word' id='word_1_199' title='bbox 1317 1419 1474 1472; x_wconf 87' lang='lat' dir='ltr'><strong>possit,</strong></span> <span class='ocrx_word' id='word_1_200' title='bbox 1513 1418 1711 1471; x_wconf 84' lang='lat' dir='ltr'><strong>apparet.</strong></span> 
     </span>
     <span class='ocr_line' id='line_1_23' title="bbox 198 1473 1713 1532; baseline -0.005 -12"><span class='ocrx_word' id='word_1_201' title='bbox 198 1477 317 1520; x_wconf 82' lang='lat' dir='ltr'><strong>Nam</strong></span> <span class='ocrx_word' id='word_1_202' title='bbox 330 1477 446 1532; x_wconf 74' lang='grc' dir='ltr'>χρειὼ</span> <span class='ocrx_word' id='word_1_203' title='bbox 460 1479 552 1531; x_wconf 87' lang='lat' dir='ltr'><strong>jam</strong></span> <span class='ocrx_word' id='word_1_204' title='bbox 574 1490 651 1529; x_wconf 85' lang='lat' dir='ltr'><strong>per</strong></span> <span class='ocrx_word' id='word_1_205' title='bbox 667 1490 713 1517; x_wconf 90' lang='lat' dir='ltr'><strong>se</strong></span> <span class='ocrx_word' id='word_1_206' title='bbox 733 1479 800 1517; x_wconf 88' lang='lat' dir='ltr'><strong>est</strong></span> <span class='ocrx_word' id='word_1_207' title='bbox 820 1475 1042 1518; x_wconf 75' lang='lat' dir='ltr'><strong>necessitas</strong></span> <span class='ocrx_word' id='word_1_208' title='bbox 1065 1476 1143 1530; x_wconf 84' lang='lat' dir='ltr'><strong>(sc.</strong></span> <span class='ocrx_word' id='word_1_209' title='bbox 1168 1477 1372 1530; x_wconf 86' lang='lat' dir='ltr'><strong>parandae</strong></span> <span class='ocrx_word' id='word_1_210' title='bbox 1392 1477 1482 1517; x_wconf 89' lang='lat' dir='ltr'><strong>sive</strong></span> <span class='ocrx_word' id='word_1_211' title='bbox 1502 1473 1713 1516; x_wconf 88' lang='lat' dir='ltr'><strong>habendae</strong></span> 
     </span>
     <span class='ocr_line' id='line_1_24' title="bbox 196 1532 1712 1591; baseline -0.002 -16"><span class='ocrx_word' id='word_1_212' title='bbox 196 1536 311 1590; x_wconf 83' lang='lat' dir='ltr'><strong>rei);</strong></span> <span class='ocrx_word' id='word_1_213' title='bbox 363 1534 436 1576; x_wconf 81' lang='lat' dir='ltr'><strong>ein</strong></span> <span class='ocrx_word' id='word_1_214' title='bbox 472 1532 749 1591; x_wconf 62' lang='lat' dir='ltr'><strong>Bediirfnz&#39;ss‚</strong></span> <span class='ocrx_word' id='word_1_215' title='bbox 768 1532 770 1537; x_wconf 78' lang='grc'>’</span> <span class='ocrx_word' id='word_1_216' title='bbox 788 1532 860 1575; x_wconf 79' lang='lat' dir='ltr'><strong>ein</strong></span> <span class='ocrx_word' id='word_1_217' title='bbox 889 1533 1198 1591; x_wconf 67' lang='lat' dir='ltr'><strong>Eofordernz&#39;ss.</strong></span> <span class='ocrx_word' id='word_1_218' title='bbox 1278 1533 1380 1575; x_wconf 86' lang='lat' dir='ltr'><strong>Jam</strong></span> <span class='ocrx_word' id='word_1_219' title='bbox 1421 1545 1519 1574; x_wconf 88' lang='lat' dir='ltr'><strong>cum</strong></span> <span class='ocrx_word' id='word_1_220' title='bbox 1566 1543 1712 1573; x_wconf 87' lang='lat' dir='ltr'><strong>neces-</strong></span> 
     </span>
     <span class='ocr_line' id='line_1_25' title="bbox 198 1590 1714 1645; baseline -0.002 -12"><span class='ocrx_word' id='word_1_221' title='bbox 198 1593 347 1635; x_wconf 79' lang='lat' dir='ltr'><strong>sitatis</strong></span> <span class='ocrx_word' id='word_1_222' title='bbox 369 1592 630 1645; x_wconf 86' lang='lat' dir='ltr'><strong>significatio</strong></span> <span class='ocrx_word' id='word_1_223' title='bbox 650 1593 785 1632; x_wconf 88' lang='lat' dir='ltr'><strong>etiam</strong></span> <span class='ocrx_word' id='word_1_224' title='bbox 819 1592 928 1632; x_wconf 90' lang='lat' dir='ltr'><strong>insit</strong></span> <span class='ocrx_word' id='word_1_225' title='bbox 957 1592 1001 1631; x_wconf 92' lang='lat' dir='ltr'><strong>in</strong></span> <span class='ocrx_word' id='word_1_226' title='bbox 1035 1592 1239 1640; x_wconf 72' lang='grc' dir='ltr'><em>ἀναγκαίη,</em></span> <span class='ocrx_word' id='word_1_227' title='bbox 1276 1591 1356 1632; x_wconf 86' lang='lat' dir='ltr'><strong>hoc</strong></span> <span class='ocrx_word' id='word_1_228' title='bbox 1387 1590 1536 1631; x_wconf 85' lang='lat' dir='ltr'><strong>haberi</strong></span> <span class='ocrx_word' id='word_1_229' title='bbox 1567 1591 1714 1643; x_wconf 80' lang='lat' dir='ltr'><strong>potest</strong></span> 
     </span>
     <span class='ocr_line' id='line_1_26' title="bbox 197 1647 1714 1705; baseline -0.003 -14"><span class='ocrx_word' id='word_1_230' title='bbox 197 1663 279 1704; x_wconf 87' lang='lat' dir='ltr'><strong>pro</strong></span> <span class='ocrx_word' id='word_1_231' title='bbox 298 1651 571 1705; x_wconf 86' lang='lat' dir='ltr'><strong>pleonasmo,</strong></span> <span class='ocrx_word' id='word_1_232' title='bbox 593 1649 667 1689; x_wconf 88' lang='lat' dir='ltr'><strong>sed</strong></span> <span class='ocrx_word' id='word_1_233' title='bbox 689 1650 768 1695; x_wconf 86' lang='lat' dir='ltr'><strong>ita,</strong></span> <span class='ocrx_word' id='word_1_234' title='bbox 799 1653 849 1689; x_wconf 90' lang='lat' dir='ltr'><strong>ut</strong></span> <span class='ocrx_word' id='word_1_235' title='bbox 873 1649 1088 1689; x_wconf 85' lang='lat' dir='ltr'><strong>habentur</strong></span> <span class='ocrx_word' id='word_1_236' title='bbox 1109 1649 1286 1690; x_wconf 87' lang='lat' dir='ltr'><strong>nomina</strong></span> <span class='ocrx_word' id='word_1_237' title='bbox 1315 1650 1360 1689; x_wconf 90' lang='lat' dir='ltr'><strong>in</strong></span> <span class='ocrx_word' id='word_1_238' title='bbox 1381 1648 1582 1689; x_wconf 87' lang='lat' dir='ltr'><strong>formulis</strong></span> <span class='ocrx_word' id='word_1_239' title='bbox 1612 1647 1714 1702; x_wconf 77' lang='grc' dir='ltr'>ὅρκον</span> 
     </span>
     <span class='ocr_line' id='line_1_27' title="bbox 198 1703 1712 1762; baseline -0.001 -15"><span class='ocrx_word' id='word_1_240' title='bbox 198 1710 368 1756; x_wconf 81' lang='grc' dir='ltr'>ὀμνύναι,</span> <span class='ocrx_word' id='word_1_241' title='bbox 389 1709 539 1762; x_wconf 76' lang='grc' dir='ltr'>πορείαν</span> <span class='ocrx_word' id='word_1_242' title='bbox 561 1708 647 1747; x_wconf 82' lang='grc' dir='ltr'>ἱέναι</span> <span class='ocrx_word' id='word_1_243' title='bbox 669 1709 711 1746; x_wconf 90' lang='lat' dir='ltr'><strong>et</strong></span> <span class='ocrx_word' id='word_1_244' title='bbox 741 1707 975 1753; x_wconf 87' lang='lat' dir='ltr'><strong>similibus,</strong></span> <span class='ocrx_word' id='word_1_245' title='bbox 1011 1720 1106 1759; x_wconf 86' lang='lat' dir='ltr'><strong>quae</strong></span> <span class='ocrx_word' id='word_1_246' title='bbox 1141 1707 1323 1748; x_wconf 86' lang='lat' dir='ltr'><strong>collecta</strong></span> <span class='ocrx_word' id='word_1_247' title='bbox 1343 1706 1462 1746; x_wconf 88' lang='lat' dir='ltr'><strong>dedit</strong></span> <span class='ocrx_word' id='word_1_248' title='bbox 1483 1703 1712 1746; x_wconf 86' lang='lat' dir='ltr'><strong>Fischerus</strong></span> 
     </span>
     <span class='ocr_line' id='line_1_28' title="bbox 199 1761 1712 1818; baseline -0.001 -13"><span class='ocrx_word' id='word_1_249' title='bbox 199 1765 245 1805; x_wconf 93' lang='lat' dir='ltr'><strong>in</strong></span> <span class='ocrx_word' id='word_1_250' title='bbox 269 1764 505 1807; x_wconf 89' lang='lat' dir='ltr'><strong>Animadv.</strong></span> <span class='ocrx_word' id='word_1_251' title='bbox 540 1764 595 1804; x_wconf 89' lang='lat' dir='ltr'><strong>ad</strong></span> <span class='ocrx_word' id='word_1_252' title='bbox 624 1762 759 1804; x_wconf 72' lang='lat' dir='ltr'><strong>WelL</strong></span> <span class='ocrx_word' id='word_1_253' title='bbox 793 1762 871 1805; x_wconf 87' lang='lat' dir='ltr'><strong>Gr.</strong></span> <span class='ocrx_word' id='word_1_254' title='bbox 903 1764 1030 1818; x_wconf 82' lang='lat' dir='ltr'><strong>Spec.</strong></span> <span class='ocrx_word' id='word_1_255' title='bbox 1064 1765 1126 1804; x_wconf 92' lang='lat' dir='ltr'><strong>iii.</strong></span> <span class='ocrx_word' id='word_1_256' title='bbox 1163 1777 1204 1818; x_wconf 90' lang='lat' dir='ltr'><strong>p.</strong></span> <span class='ocrx_word' id='word_1_257' title='bbox 1236 1765 1265 1804; x_wconf 90' lang='lat' dir='ltr'><strong>i.</strong></span> <span class='ocrx_word' id='word_1_258' title='bbox 1299 1777 1345 1817; x_wconf 91' lang='lat' dir='ltr'><strong>p.</strong></span> <span class='ocrx_word' id='word_1_259' title='bbox 1380 1762 1480 1804; x_wconf 76' lang='lat'>226.</span> <span class='ocrx_word' id='word_1_260' title='bbox 1543 1761 1712 1816; x_wconf 89' lang='lat' dir='ltr'><strong>Nempe</strong></span> 
     </span>
     <span class='ocr_line' id='line_1_29' title="bbox 198 1820 1715 1869; baseline -0.002 -7"><span class='ocrx_word' id='word_1_261' title='bbox 198 1823 314 1864; x_wconf 80' lang='lat' dir='ltr'><strong>sicut</strong></span> <span class='ocrx_word' id='word_1_262' title='bbox 343 1824 388 1864; x_wconf 90' lang='lat' dir='ltr'><strong>in</strong></span> <span class='ocrx_word' id='word_1_263' title='bbox 425 1823 512 1864; x_wconf 89' lang='lat' dir='ltr'><strong>illis</strong></span> <span class='ocrx_word' id='word_1_264' title='bbox 541 1822 719 1863; x_wconf 85' lang='lat' dir='ltr'><strong>verbum</strong></span> <span class='ocrx_word' id='word_1_265' title='bbox 752 1822 947 1863; x_wconf 88' lang='lat' dir='ltr'><strong>abundat</strong></span> <span class='ocrx_word' id='word_1_266' title='bbox 980 1822 1170 1863; x_wconf 88' lang='lat' dir='ltr'><strong>definitae</strong></span> <span class='ocrx_word' id='word_1_267' title='bbox 1211 1822 1396 1862; x_wconf 85' lang='lat' dir='ltr'><strong>actionis</strong></span> <span class='ocrx_word' id='word_1_268' title='bbox 1436 1820 1625 1869; x_wconf 85' lang='lat' dir='ltr'><strong>notione,</strong></span> <span class='ocrx_word' id='word_1_269' title='bbox 1670 1821 1715 1860; x_wconf 90' lang='lat' dir='ltr'><strong>et</strong></span> 
     </span>
     <span class='ocr_line' id='line_1_30' title="bbox 197 1874 1714 1934; baseline -0.002 -14"><span class='ocrx_word' id='word_1_270' title='bbox 197 1885 435 1934; x_wconf 86' lang='lat' dir='ltr'><strong>propterea</strong></span> <span class='ocrx_word' id='word_1_271' title='bbox 465 1879 587 1921; x_wconf 85' lang='lat' dir='ltr'><strong>reddi</strong></span> <span class='ocrx_word' id='word_1_272' title='bbox 619 1879 765 1927; x_wconf 89' lang='lat' dir='ltr'><strong>debet,</strong></span> <span class='ocrx_word' id='word_1_273' title='bbox 802 1883 879 1920; x_wconf 87' lang='lat' dir='ltr'><strong>aut</strong></span> <span class='ocrx_word' id='word_1_274' title='bbox 910 1883 1028 1920; x_wconf 85' lang='lat' dir='ltr'><strong>certe</strong></span> <span class='ocrx_word' id='word_1_275' title='bbox 1061 1883 1224 1933; x_wconf 87' lang='lat' dir='ltr'><strong>potest,</strong></span> <span class='ocrx_word' id='word_1_276' title='bbox 1259 1878 1448 1931; x_wconf 85' lang='lat' dir='ltr'><strong>generali</strong></span> <span class='ocrx_word' id='word_1_277' title='bbox 1483 1877 1611 1918; x_wconf 89' lang='lat' dir='ltr'><strong>verbo</strong></span> <span class='ocrx_word' id='word_1_278' title='bbox 1636 1874 1714 1933; x_wconf 86' lang='lat' dir='ltr'><strong>fa-</strong></span> 
     </span>
    </p>
   </div>
   <div class='ocr_carea' id='block_1_5' title="bbox 131 1935 1713 1994">
    <p class='ocr_par' dir='ltr' id='par_1_5' title="bbox 131 1935 1713 1994">
     <span class='ocr_line' id='line_1_31' title="bbox 131 1935 1713 1994; baseline -0.003 -14"><span class='ocrx_word' id='word_1_279' title='bbox 131 1945 137 1950; x_wconf 90' lang='grc'><em>“</em></span> <span class='ocrx_word' id='word_1_280' title='bbox 198 1936 346 1980; x_wconf 74' lang='lat' dir='ltr'><strong>ciendi</strong></span> <span class='ocrx_word' id='word_1_281' title='bbox 375 1938 444 1992; x_wconf 89' lang='lat' dir='ltr'><strong>(ut</strong></span> <span class='ocrx_word' id='word_1_282' title='bbox 474 1938 624 1992; x_wconf 78' lang='grc' dir='ltr'>πορείαν</span> <span class='ocrx_word' id='word_1_283' title='bbox 662 1938 768 1983; x_wconf 76' lang='grc' dir='ltr'>ἱέναι,</span> <span class='ocrx_word' id='word_1_284' title='bbox 799 1935 882 1978; x_wconf 75' lang='lat' dir='ltr'><strong>iter</strong></span> <span class='ocrx_word' id='word_1_285' title='bbox 904 1935 1093 1994; x_wconf 78' lang='lat' dir='ltr'><strong>facere),</strong></span> <span class='ocrx_word' id='word_1_286' title='bbox 1116 1938 1179 1978; x_wconf 90' lang='lat' dir='ltr'><strong>ita</strong></span> <span class='ocrx_word' id='word_1_287' title='bbox 1208 1937 1254 1977; x_wconf 93' lang='lat' dir='ltr'><strong>in</strong></span> <span class='ocrx_word' id='word_1_288' title='bbox 1287 1937 1367 1977; x_wconf 86' lang='lat' dir='ltr'><strong>hoc</strong></span> <span class='ocrx_word' id='word_1_289' title='bbox 1386 1935 1713 1976; x_wconf 83' lang='lat' dir='ltr'><strong>substantivum</strong></span> 
     </span>
    </p>
   </div>
   <div class='ocr_carea' id='block_1_6' title="bbox 201 1992 1718 2499">
    <p class='ocr_par' dir='ltr' id='par_1_6' title="bbox 201 1992 1718 2499">
     <span class='ocr_line' id='line_1_32' title="bbox 201 1992 1714 2048; baseline -0.003 -11"><span class='ocrx_word' id='word_1_290' title='bbox 201 1996 401 2037; x_wconf 84' lang='lat' dir='ltr'><strong>abundat</strong></span> <span class='ocrx_word' id='word_1_291' title='bbox 440 1997 617 2036; x_wconf 90' lang='lat' dir='ltr'><strong>notione</strong></span> <span class='ocrx_word' id='word_1_292' title='bbox 638 1994 815 2048; x_wconf 84' lang='lat' dir='ltr'><strong>speciei,</strong></span> <span class='ocrx_word' id='word_1_293' title='bbox 850 1998 895 2035; x_wconf 90' lang='lat' dir='ltr'><strong>et</strong></span> <span class='ocrx_word' id='word_1_294' title='bbox 925 1995 1046 2036; x_wconf 91' lang='lat' dir='ltr'><strong>reddi</strong></span> <span class='ocrx_word' id='word_1_295' title='bbox 1076 1995 1207 2035; x_wconf 86' lang='lat' dir='ltr'><strong>debet</strong></span> <span class='ocrx_word' id='word_1_296' title='bbox 1240 1998 1316 2047; x_wconf 82' lang='lat' dir='ltr'><strong>aut</strong></span> <span class='ocrx_word' id='word_1_297' title='bbox 1346 1996 1491 2047; x_wconf 89' lang='lat' dir='ltr'><strong>potest</strong></span> <span class='ocrx_word' id='word_1_298' title='bbox 1519 1992 1714 2045; x_wconf 82' lang='lat' dir='ltr'><strong>generali</strong></span> 
     </span>
     <span class='ocr_line' id='line_1_33' title="bbox 204 2048 1716 2107; baseline -0.003 -12"><span class='ocrx_word' id='word_1_299' title='bbox 204 2054 381 2095; x_wconf 79' lang='lat' dir='ltr'><strong>nomine</strong></span> <span class='ocrx_word' id='word_1_300' title='bbox 418 2056 482 2095; x_wconf 87' lang='lat' dir='ltr'><strong>rei</strong></span> <span class='ocrx_word' id='word_1_301' title='bbox 512 2052 619 2106; x_wconf 93' lang='lat' dir='ltr'><strong>(non</strong></span> <span class='ocrx_word' id='word_1_302' title='bbox 665 2052 900 2099; x_wconf 76' lang='lat' dir='ltr'><strong>necessitas,</strong></span> <span class='ocrx_word' id='word_1_303' title='bbox 937 2053 1032 2107; x_wconf 85' lang='lat' dir='ltr'><strong>sed)</strong></span> <span class='ocrx_word' id='word_1_304' title='bbox 1068 2065 1134 2093; x_wconf 83' lang='lat' dir='ltr'><strong>res</strong></span> <span class='ocrx_word' id='word_1_305' title='bbox 1182 2050 1432 2092; x_wconf 74' lang='lat' dir='ltr'><strong>necessaria.</strong></span> <span class='ocrx_word' id='word_1_306' title='bbox 1512 2048 1613 2090; x_wconf 90' lang='lat' dir='ltr'><strong>Non</strong></span> <span class='ocrx_word' id='word_1_307' title='bbox 1640 2053 1716 2091; x_wconf 62' lang='lat' dir='ltr'><strong>‘est</strong></span> 
     </span>
     <span class='ocr_line' id='line_1_34' title="bbox 202 2107 1714 2165; baseline -0.003 -13"><span class='ocrx_word' id='word_1_308' title='bbox 202 2111 428 2165; x_wconf 63' lang='lat' dir='ltr'><strong>poeticum</strong></span> <span class='ocrx_word' id='word_1_309' title='bbox 452 2112 533 2152; x_wconf 86' lang='lat' dir='ltr'><strong>hoo</strong></span> <span class='ocrx_word' id='word_1_310' title='bbox 565 2109 808 2163; x_wconf 87' lang='lat' dir='ltr'><strong>epitheton,</strong></span> <span class='ocrx_word' id='word_1_311' title='bbox 845 2114 893 2150; x_wconf 90' lang='lat' dir='ltr'><strong>ut</strong></span> <span class='ocrx_word' id='word_1_312' title='bbox 925 2110 993 2150; x_wconf 89' lang='lat' dir='ltr'><strong>his</strong></span> <span class='ocrx_word' id='word_1_313' title='bbox 1011 2110 1068 2150; x_wconf 87' lang='lat' dir='ltr'><strong>ab</strong></span> <span class='ocrx_word' id='word_1_314' title='bbox 1090 2110 1294 2151; x_wconf 86' lang='lat' dir='ltr'><strong>instituto</strong></span> <span class='ocrx_word' id='word_1_315' title='bbox 1315 2112 1461 2149; x_wconf 88' lang='lat' dir='ltr'><strong>nostro</strong></span> <span class='ocrx_word' id='word_1_316' title='bbox 1490 2107 1714 2148; x_wconf 84' lang='lat' dir='ltr'><strong>deflexeri-</strong></span> 
     </span>
     <span class='ocr_line' id='line_1_35' title="bbox 204 2165 1712 2223; baseline -0.004 -13"><span class='ocrx_word' id='word_1_317' title='bbox 204 2170 302 2210; x_wconf 86' lang='lat' dir='ltr'><strong>mus</strong></span> <span class='ocrx_word' id='word_1_318' title='bbox 323 2168 427 2223; x_wconf 88' lang='lat' dir='ltr'><strong>(vid.</strong></span> <span class='ocrx_word' id='word_1_319' title='bbox 450 2167 564 2221; x_wconf 85' lang='lat' dir='ltr'><strong>Isag.</strong></span> <span class='ocrx_word' id='word_1_320' title='bbox 587 2167 625 2222; x_wconf 61' lang='grc' dir='ltr'><strong>ξ.</strong></span> <span class='ocrx_word' id='word_1_321' title='bbox 646 2165 724 2222; x_wconf 88' lang='grc'>5.),</span> <span class='ocrx_word' id='word_1_322' title='bbox 759 2167 832 2207; x_wconf 89' lang='lat' dir='ltr'><strong>sed</strong></span> <span class='ocrx_word' id='word_1_323' title='bbox 852 2168 1063 2208; x_wconf 84' lang='lat' dir='ltr'><strong>sermonis</strong></span> <span class='ocrx_word' id='word_1_324' title='bbox 1085 2167 1295 2219; x_wconf 80' lang='lat' dir='ltr'><strong>vulgaris,</strong></span> <span class='ocrx_word' id='word_1_325' title='bbox 1329 2170 1371 2206; x_wconf 90' lang='lat' dir='ltr'><strong>et</strong></span> <span class='ocrx_word' id='word_1_326' title='bbox 1398 2165 1566 2206; x_wconf 81' lang='lat' dir='ltr'><strong>redolet</strong></span> <span class='ocrx_word' id='word_1_327' title='bbox 1600 2165 1712 2205; x_wconf 89' lang='lat' dir='ltr'><strong>anti-</strong></span> 
     </span>
     <span class='ocr_line' id='line_1_36' title="bbox 204 2222 1714 2280; baseline -0.005 -12"><span class='ocrx_word' id='word_1_328' title='bbox 204 2239 340 2279; x_wconf 85' lang='lat' dir='ltr'><strong>quam</strong></span> <span class='ocrx_word' id='word_1_329' title='bbox 378 2226 721 2280; x_wconf 84' lang='lat' dir='ltr'><strong>simplicitatem.</strong></span> <span class='ocrx_word' id='word_1_330' title='bbox 796 2225 870 2266; x_wconf 77' lang='lat' dir='ltr'><strong>Sic</strong></span> <span class='ocrx_word' id='word_1_331' title='bbox 900 2227 1117 2265; x_wconf 87' lang='lat' dir='ltr'><strong>nostrates</strong></span> <span class='ocrx_word' id='word_1_332' title='bbox 1148 2226 1243 2277; x_wconf 81' lang='lat' dir='ltr'><strong>jam</strong></span> <span class='ocrx_word' id='word_1_333' title='bbox 1278 2224 1325 2264; x_wconf 89' lang='lat' dir='ltr'><strong>in</strong></span> <span class='ocrx_word' id='word_1_334' title='bbox 1360 2223 1480 2263; x_wconf 88' lang='lat' dir='ltr'><strong>omni</strong></span> <span class='ocrx_word' id='word_1_335' title='bbox 1519 2222 1714 2262; x_wconf 83' lang='lat' dir='ltr'><strong>oratione</strong></span> 
     </span>
     <span class='ocr_line' id='line_1_37' title="bbox 204 2276 1718 2338; baseline -0.004 -13"><span class='ocrx_word' id='word_1_336' title='bbox 204 2285 371 2331; x_wconf 85' lang='lat' dir='ltr'><strong>dicunt,</strong></span> <span class='ocrx_word' id='word_1_337' title='bbox 421 2283 491 2325; x_wconf 75' lang='lat' dir='ltr'><strong>ein</strong></span> <span class='ocrx_word' id='word_1_338' title='bbox 539 2280 854 2337; x_wconf 69' lang='lat' dir='ltr'><strong>notkwendiges</strong></span> <span class='ocrx_word' id='word_1_339' title='bbox 890 2279 1149 2338; x_wconf 65' lang='lat' dir='ltr'><strong>Beailrfnz&#39;ss</strong></span> <span class='ocrx_word' id='word_1_340' title='bbox 1187 2294 1268 2335; x_wconf 91' lang='lat' dir='ltr'><strong>pro</strong></span> <span class='ocrx_word' id='word_1_341' title='bbox 1310 2278 1602 2333; x_wconf 64' lang='lat' dir='ltr'><strong>exquisitim,</strong></span> <span class='ocrx_word' id='word_1_342' title='bbox 1644 2276 1718 2320; x_wconf 78' lang='lat' dir='ltr'><strong>ein</strong></span> 
     </span>
     <span class='ocr_line' id='line_1_38' title="bbox 206 2335 1717 2396; baseline -0.004 -14"><span class='ocrx_word' id='word_1_343' title='bbox 206 2340 466 2396; x_wconf 75' lang='lat' dir='ltr'><strong>dringendes</strong></span> <span class='ocrx_word' id='word_1_344' title='bbox 482 2340 537 2382; x_wconf 92' lang='lat' dir='ltr'><strong>B.</strong></span> <span class='ocrx_word' id='word_1_345' title='bbox 556 2343 633 2382; x_wconf 87' lang='lat' dir='ltr'><strong>aut</strong></span> <span class='ocrx_word' id='word_1_346' title='bbox 652 2338 745 2381; x_wconf 80' lang='lat' dir='ltr'><strong>eins</strong></span> <span class='ocrx_word' id='word_1_347' title='bbox 767 2340 840 2381; x_wconf 84' lang='lat' dir='ltr'><strong>der</strong></span> <span class='ocrx_word' id='word_1_348' title='bbox 858 2345 1009 2387; x_wconf 80' lang='lat' dir='ltr'><strong>ersten,</strong></span> <span class='ocrx_word' id='word_1_349' title='bbox 1023 2338 1226 2380; x_wconf 67' lang='lat' dir='ltr'><strong>niiclzsten</strong></span> <span class='ocrx_word' id='word_1_350' title='bbox 1238 2336 1534 2393; x_wconf 68' lang='lat' dir='ltr'><strong>Bediirfnz‘sse.</strong></span> <span class='ocrx_word' id='word_1_351' title='bbox 1571 2335 1717 2377; x_wconf 88' lang='lat' dir='ltr'><strong>Etiam</strong></span> 
     </span>
     <span class='ocr_line' id='line_1_39' title="bbox 208 2392 1717 2453; baseline -0.004 -12"><span class='ocrx_word' id='word_1_352' title='bbox 208 2398 428 2441; x_wconf 82' lang='lat' dir='ltr'><strong>Diodorus</strong></span> <span class='ocrx_word' id='word_1_353' title='bbox 464 2398 551 2440; x_wconf 74' lang='lat' dir='ltr'><strong>Sic.</strong></span> <span class='ocrx_word' id='word_1_354' title='bbox 585 2398 643 2438; x_wconf 87' lang='lat' dir='ltr'><strong>iv.</strong></span> <span class='ocrx_word' id='word_1_355' title='bbox 677 2396 748 2438; x_wconf 85' lang='lat'><strong>33.</strong></span> <span class='ocrx_word' id='word_1_356' title='bbox 788 2399 937 2453; x_wconf 83' lang='lat' dir='ltr'><strong>posuit</strong></span> <span class='ocrx_word' id='word_1_357' title='bbox 967 2399 1100 2453; x_wconf 79' lang='grc' dir='ltr'>χρείαν</span> <span class='ocrx_word' id='word_1_358' title='bbox 1130 2397 1338 2446; x_wconf 73' lang='grc' dir='ltr'>ἀναγκαίαν</span> <span class='ocrx_word' id='word_1_359' title='bbox 1364 2395 1417 2436; x_wconf 83' lang='lat' dir='ltr'><strong>de</strong></span> <span class='ocrx_word' id='word_1_360' title='bbox 1451 2392 1717 2437; x_wconf 69' lang='lat' dir='ltr'><strong>exonerando</strong></span> 
     </span>
     <span class='ocr_line' id='line_1_40' title="bbox 209 2462 1661 2499; baseline -0.005 -1"><span class='ocrx_word' id='word_1_361' title='bbox 209 2462 362 2499; x_wconf 77' lang='lat' dir='ltr'><strong>ventre.</strong></span> <span class='ocrx_word' id='word_1_362' title='bbox 1444 2471 1447 2473; x_wconf 95' lang='lat'>·</span> <span class='ocrx_word' id='word_1_363' title='bbox 1658 2462 1661 2465; x_wconf 86' lang='grc'>’</span> 
     </span>
    </p>
   </div>
   <div class='ocr_carea' id='block_1_7' title="bbox 866 2528 1056 2571">
    <p class='ocr_par' dir='ltr' id='par_1_7' title="bbox 866 2528 1056 2571">
     <span class='ocr_line' id='line_1_41' title="bbox 866 2528 1056 2571; baseline -0.005 -1"><span class='ocrx_word' id='word_1_364' title='bbox 866 2528 1056 2571; x_wconf 83' lang='grc' dir='ltr'><strong>ΕΚΩΝ.</strong></span> 
     </span>
    </p>
   </div>
   <div class='ocr_carea' id='block_1_8' title="bbox 208 2609 1717 2898">
    <p class='ocr_par' dir='ltr' id='par_1_8' title="bbox 208 2609 1717 2898">
     <span class='ocr_line' id='line_1_42' title="bbox 270 2609 1715 2670; baseline -0.003 -12"><span class='ocrx_word' id='word_1_365' title='bbox 270 2615 369 2658; x_wconf 88' lang='lat' dir='ltr'><strong>Hoc</strong></span> <span class='ocrx_word' id='word_1_366' title='bbox 407 2616 630 2657; x_wconf 86' lang='lat' dir='ltr'><strong>abundare</strong></span> <span class='ocrx_word' id='word_1_367' title='bbox 666 2616 767 2668; x_wconf 87' lang='lat' dir='ltr'><strong>quis</strong></span> <span class='ocrx_word' id='word_1_368' title='bbox 797 2619 924 2670; x_wconf 86' lang='lat' dir='ltr'><strong>putet</strong></span> <span class='ocrx_word' id='word_1_369' title='bbox 958 2616 1133 2669; x_wconf 67' lang='lat' dir='ltr'><strong>saepius,</strong></span> <span class='ocrx_word' id='word_1_370' title='bbox 1174 2618 1223 2656; x_wconf 87' lang='lat' dir='ltr'><strong>ut</strong></span> <span class='ocrx_word' id='word_1_371' title='bbox 1257 2615 1301 2656; x_wconf 90' lang='lat' dir='ltr'><strong>in</strong></span> <span class='ocrx_word' id='word_1_372' title='bbox 1333 2613 1611 2668; x_wconf 88' lang='lat' dir='ltr'><strong>Xenophont.</strong></span> <span class='ocrx_word' id='word_1_373' title='bbox 1653 2609 1715 2653; x_wconf 68' lang='grc' dir='ltr'><strong>Η.</strong></span> 
     </span>
     <span class='ocr_line' id='line_1_43' title="bbox 212 2670 1717 2727; baseline -0.004 -11"><span class='ocrx_word' id='word_1_374' title='bbox 212 2675 292 2717; x_wconf 80' lang='lat' dir='ltr'><strong>Gr.</strong></span> <span class='ocrx_word' id='word_1_375' title='bbox 315 2675 371 2715; x_wconf 86' lang='lat' dir='ltr'><strong>vi.</strong></span> <span class='ocrx_word' id='word_1_376' title='bbox 394 2672 517 2720; x_wconf 81' lang='grc'><strong>1,14.</strong></span> <span class='ocrx_word' id='word_1_377' title='bbox 550 2672 744 2714; x_wconf 86' lang='lat' dir='ltr'><strong>Breviter</strong></span> <span class='ocrx_word' id='word_1_378' title='bbox 764 2674 855 2714; x_wconf 86' lang='lat' dir='ltr'><strong>illic</strong></span> <span class='ocrx_word' id='word_1_379' title='bbox 886 2673 984 2726; x_wconf 83' lang='lat' dir='ltr'><strong>egi:</strong></span> <span class='ocrx_word' id='word_1_380' title='bbox 1019 2674 1088 2714; x_wconf 87' lang='lat' dir='ltr'><strong>hic</strong></span> <span class='ocrx_word' id='word_1_381' title='bbox 1119 2673 1315 2727; x_wconf 88' lang='lat' dir='ltr'><strong>pluribus</strong></span> <span class='ocrx_word' id='word_1_382' title='bbox 1351 2673 1494 2713; x_wconf 91' lang='lat' dir='ltr'><strong>verbis</strong></span> <span class='ocrx_word' id='word_1_383' title='bbox 1514 2671 1579 2712; x_wconf 90' lang='lat' dir='ltr'><strong>uti</strong></span> <span class='ocrx_word' id='word_1_384' title='bbox 1615 2670 1717 2710; x_wconf 81' lang='lat' dir='ltr'><strong>lice-</strong></span> 
     </span>
     <span class='ocr_line' id='line_1_44' title="bbox 210 2727 1717 2784; baseline -0.003 -12"><span class='ocrx_word' id='word_1_385' title='bbox 210 2732 294 2780; x_wconf 85' lang='lat' dir='ltr'><strong>bit,</strong></span> <span class='ocrx_word' id='word_1_386' title='bbox 325 2731 532 2784; x_wconf 87' lang='lat' dir='ltr'><strong>quoniam</strong></span> <span class='ocrx_word' id='word_1_387' title='bbox 572 2731 633 2778; x_wconf 89' lang='lat' dir='ltr'><strong>id,</strong></span> <span class='ocrx_word' id='word_1_388' title='bbox 667 2731 781 2781; x_wconf 92' lang='lat' dir='ltr'><strong>quod</strong></span> <span class='ocrx_word' id='word_1_389' title='bbox 827 2731 1028 2777; x_wconf 87' lang='lat' dir='ltr'><strong>monebo,</strong></span> <span class='ocrx_word' id='word_1_390' title='bbox 1065 2731 1119 2771; x_wconf 83' lang='lat' dir='ltr'><strong>ad</strong></span> <span class='ocrx_word' id='word_1_391' title='bbox 1153 2731 1242 2771; x_wconf 89' lang='lat' dir='ltr'><strong>alia</strong></span> <span class='ocrx_word' id='word_1_392' title='bbox 1281 2732 1416 2771; x_wconf 84' lang='lat' dir='ltr'><strong>multa</strong></span> <span class='ocrx_word' id='word_1_393' title='bbox 1447 2727 1717 2782; x_wconf 87' lang='lat' dir='ltr'><strong>expedienda</strong></span> 
     </span>
     <span class='ocr_line' id='line_1_45' title="bbox 209 2784 1715 2844; baseline -0.003 -15"><span class='ocrx_word' id='word_1_394' title='bbox 209 2793 353 2844; x_wconf 85' lang='lat' dir='ltr'><strong>potest</strong></span> <span class='ocrx_word' id='word_1_395' title='bbox 388 2788 602 2828; x_wconf 81' lang='lat' dir='ltr'><strong>adhiberi.</strong></span> <span class='ocrx_word' id='word_1_396' title='bbox 664 2786 803 2828; x_wconf 86' lang='lat' dir='ltr'><strong>Locus</strong></span> <span class='ocrx_word' id='word_1_397' title='bbox 824 2788 896 2828; x_wconf 90' lang='lat' dir='ltr'><strong>ille</strong></span> <span class='ocrx_word' id='word_1_398' title='bbox 918 2788 980 2828; x_wconf 83' lang='lat' dir='ltr'><strong>sic.</strong></span> <span class='ocrx_word' id='word_1_399' title='bbox 1016 2787 1172 2828; x_wconf 86' lang='lat' dir='ltr'><strong>habet:</strong></span> <span class='ocrx_word' id='word_1_400' title='bbox 1225 2788 1483 2840; x_wconf 79' lang='grc' dir='ltr'><em>ὑποσχόμενος</em></span> <span class='ocrx_word' id='word_1_401' title='bbox 1503 2788 1622 2840; x_wconf 82' lang='grc' dir='ltr'>αὐτῷ,</span> <span class='ocrx_word' id='word_1_402' title='bbox 1645 2784 1715 2826; x_wconf 68' lang='grc' dir='ltr'><strong>τήν</strong></span> 
     </span>
     <span class='ocr_line' id='line_1_46' title="bbox 208 2841 1715 2898; baseline -0.004 -10"><span class='ocrx_word' id='word_1_403' title='bbox 208 2865 251 2888; x_wconf 77' lang='grc' dir='ltr'><strong>τε</strong></span> <span class='ocrx_word' id='word_1_404' title='bbox 281 2847 389 2889; x_wconf 78' lang='grc' dir='ltr'>πόλιν</span> <span class='ocrx_word' id='word_1_405' title='bbox 417 2846 550 2887; x_wconf 78' lang='grc' dir='ltr'>πείσας</span> <span class='ocrx_word' id='word_1_406' title='bbox 584 2848 735 2886; x_wconf 74' lang='grc' dir='ltr'>ἑκοῦσαν</span> <span class='ocrx_word' id='word_1_407' title='bbox 767 2843 1275 2898; x_wconf 49' lang='grc' dir='ltr'>σύμμαχοτποιήσεινμκαῖ</span> <span class='ocrx_word' id='word_1_408' title='bbox 1298 2849 1386 2885; x_wconf 80' lang='lat' dir='ltr'><strong>etc.</strong></span> <span class='ocrx_word' id='word_1_409' title='bbox 1446 2841 1533 2884; x_wconf 80' lang='lat' dir='ltr'><strong>Hic</strong></span> <span class='ocrx_word' id='word_1_410' title='bbox 1564 2841 1715 2883; x_wconf 66' lang='lat' dir='ltr'><strong>Morus</strong></span> 
     </span>
    </p>
   </div>
   <div class='ocr_carea' id='block_1_9' title="bbox 202 2899 1713 2963">
    <p class='ocr_par' dir='ltr' id='par_1_9' title="bbox 202 2899 1713 2963">
     <span class='ocr_line' id='line_1_47' title="bbox 202 2899 1713 2963; baseline -0.004 -15"><span class='ocrx_word' id='word_1_411' title='bbox 202 2908 361 2963; x_wconf 72' lang='grc' dir='ltr'>ἑκοῦσαν</span> <span class='ocrx_word' id='word_1_412' title='bbox 379 2904 507 2949; x_wconf 78' lang='lat' dir='ltr'><strong>uncis</strong></span> <span class='ocrx_word' id='word_1_413' title='bbox 537 2902 728 2952; x_wconf 81' lang='lat' dir='ltr'><strong>inclusit,</strong></span> <span class='ocrx_word' id='word_1_414' title='bbox 748 2906 794 2947; x_wconf 86' lang='lat' dir='ltr'><strong>et</strong></span> <span class='ocrx_word' id='word_1_415' title='bbox 814 2902 904 2946; x_wconf 84' lang='lat' dir='ltr'><strong>haec</strong></span> <span class='ocrx_word' id='word_1_416' title='bbox 933 2903 1220 2958; x_wconf 74' lang='lat' dir='ltr'><strong>subscrIpsit:</strong></span> <span class='ocrx_word' id='word_1_417' title='bbox 1252 2908 1280 2930; x_wconf 82' lang='lat'><strong>‘⁶</strong></span> <span class='ocrx_word' id='word_1_418' title='bbox 1305 2900 1402 2950; x_wconf 80' lang='lat' dir='ltr'><strong>Hoc</strong></span> <span class='ocrx_word' id='word_1_419' title='bbox 1427 2901 1606 2952; x_wconf 76' lang='lat' dir='ltr'><strong>verbum</strong></span> <span class='ocrx_word' id='word_1_420' title='bbox 1641 2899 1713 2943; x_wconf 88' lang='lat' dir='ltr'><strong>de-</strong></span> 
     </span>
    </p>
   </div>
  </div>
 </body>
</html>
