1838 3164
224 117 282 164 42
575 124 892 166 PLEONASMI
919 122 1356 166 ADJECTIVORUM.

221 237 482 281 antecellere
501 238 690 283 debeant
708 241 858 283 servis.
921 239 971 281 Id
989 239 1098 281 facit
1118 238 1259 280 verbis
1278 240 1311 279 οἱ
1338 237 1409 286 μὲν
1423 237 1547 281 δοῦλοι
1570 237 1724 283 ἄκοντες

222 298 304 335 τοῖς
335 295 533 338 δεσπόταις
562 299 816 352 ὑπηρετοῦσιν·
849 299 955 345 ἡμᾶς
983 295 1040 347 δὲ,
1075 296 1175 351 εἴπερ
1197 295 1371 344 ἀξιοῦμεν
1398 294 1584 352 ἐλεύθεροι
1614 294 1719 346 εἶναι,

223 353 375 395 ἑκόντας
391 353 451 394 δεῖ·
463 358 542 396 etc.
603 355 687 396 Sed
713 356 857 407 gratia
875 356 920 395 in
940 356 1050 397 bene
1076 354 1301 395 nectendis
1330 354 1559 397 sententiis
1577 355 1720 408 poscit

220 410 407 464 aliquid,
427 412 544 465 quod
564 410 654 453 vim
677 413 836 455 habeat
865 416 931 454 τοῦ
960 409 1178 459 nimirum,
1215 409 1384 454 scilicet.
1446 409 1543 456 Hoc
1573 411 1720 468 ipsum

219 467 392 511 inestin
413 469 508 518 ὅσον,
539 470 657 523 quod
679 472 856 523 quidem
875 483 926 513 eo
958 470 1086 511 debet
1107 469 1258 510 haberi
1289 468 1454 522 aptiuS,
1488 469 1592 524 quia,
1619 482 1721 522 cog-

219 530 372 567 natum
413 531 480 569 est
516 540 618 570 cum
657 533 843 570 τοσοῦτον.
918 526 1015 569 Viri
1048 527 1163 570 docti
1198 526 1362 568 talibus
1397 527 1444 568 in
1485 526 1591 568 locis
1620 530 1722 583 post

217 581 296 625 ὅσον
314 587 516 626 statuunt
533 586 706 640 ellipsin
727 590 793 627 τοῦ
812 588 980 634 μᾶλλον.
1039 584 1142 626 Vid.
1162 585 1351 627 maxime
1384 583 1515 627 Reitz
1546 585 1604 626 ad
1636 582 1723 628 Lu.

217 641 334 682 ciani
354 640 584 685 Somnium
607 647 642 698 §.
670 642 731 685 18.
757 647 801 684 et
835 642 978 684 Fisch.
1011 642 1066 684 ad
1100 642 1261 685 Anacr.
1298 643 1357 684 xi.
1397 642 1463 685 11.
1492 645 1538 684 et
1569 642 1723 686 Anim-

216 698 316 740 adv.
339 700 396 741 ad
426 698 558 742 Well.
581 701 655 742 Gr.
684 702 747 742 iii.
785 702 828 743 b.
862 715 907 756 p.
940 699 1010 742 87.
1071 699 1157 742 Sed
1193 701 1283 742 haec
1316 703 1490 743 tantum
1519 700 1726 744 convenit

215 755 339 804 locis,
359 757 435 798 ubi
455 759 695 801 antecessit
715 765 793 801 aut
822 760 964 815 ipsum
984 760 1135 807 μᾶλλον
1156 756 1293 812 (quod
1325 757 1534 812 deinceps
1553 759 1721 811 cogita-

211 813 334 856 tione
351 817 634 870 repetendum
653 817 739 872 est)
774 823 852 860 aut
879 817 1219 872 comparativus,
1249 827 1305 856 ex
1336 828 1424 868 quo
1457 816 1563 858 item
1597 816 1722 858 notio

212 875 282 914 τοῦ
314 876 468 921 μᾶλλον
497 875 689 928 repetita
713 875 918 929 deinceps
947 874 1136 927 intelligi
1172 873 1330 921 debet;
1357 877 1409 915 ut
1435 871 1628 926 Thucyd.
1655 873 1716 916 vi.

213 927 281 970 78.
332 933 496 988 τοσούτῳ
517 931 555 974 δὲ
574 932 637 973 καὶ
663 935 961 988 ἀσφαλέστερον,
986 931 1056 988 ὅσῳ
1084 932 1326 980 ἀγωνίεῖταιῖ
1359 935 1404 971 et
1423 929 1655 972 Demosth.
1674 944 1714 973 c.

210 984 445 1041 Aristogit.
467 989 497 1030 i.
523 1002 567 1044 p.
583 1003 640 1031 m.
663 989 761 1031 560.
794 1004 829 1032 s.
862 992 1027 1046 τοσούτῳ
1048 990 1220 1030 πλείονος
1247 989 1360 1043 ὀργῆς
1381 986 1483 1037 ἄξιός
1502 989 1579 1029 ἐστι
1596 990 1670 1039 νῦν,
1688 987 1716 1034 ἢ

209 1045 405 1100 πρότερον,
427 1046 498 1102 ὅσῳ
518 1048 606 1087 τότε
626 1048 695 1093 μὲν
714 1049 866 1103 ’γράφειν
885 1050 995 1097 μόνον
1015 1048 1106 1103 eliis-ro
1127 1046 1198 1088 δεῖν
1227 1044 1338 1101 παρὰ
1367 1043 1455 1087 τοὺς
1473 1045 1622 1094 νόμους,
1641 1044 1715 1088 νυνὶ

209 1099 250 1141 δὲ
287 1106 368 1144 etc.
426 1103 547 1146 Adde
583 1102 694 1146 Xen.
734 1105 836 1159 Cyri
876 1105 996 1147 Disc.
1028 1106 1085 1146 vi.
1124 1104 1170 1152 2,
1211 1103 1274 1146 19.
1353 1103 1439 1144 Sed
1478 1103 1610 1145 nimis
1647 1103 1714 1146 illi

205 1159 399 1212 pendent
439 1175 463 1202 e
501 1163 672 1204 ratione
707 1162 876 1204 Latinae
909 1165 1088 1216 linguae,
1131 1163 1177 1203 in
1219 1174 1308 1215 qua
1349 1174 1449 1202 cum
1476 1161 1567 1202 fere
1598 1165 1714 1203 tanto

204 1219 554 1272 comparativum
588 1221 841 1274 adjunctum
876 1221 1036 1263 habeat
1072 1223 1150 1260 aut
1169 1219 1433 1273 particulam
1464 1216 1619 1273 magis,
1650 1231 1715 1259 se-

206 1274 283 1326 qui
318 1288 422 1318 sane
451 1278 582 1320 debet
617 1284 775 1336 quanto
805 1291 905 1321 cum
934 1278 1249 1332 comparativo,
1281 1280 1359 1317 aut
1389 1288 1488 1317 cum
1513 1275 1590 1317 illa
1618 1276 1715 1334 ipsa

204 1332 432 1386 particula.

261 1388 301 1430 2.
347 1389 496 1434 Etiam
550 1394 759 1436 iteratum
796 1394 876 1434 ὅσον
918 1397 1037 1434 recte
1080 1393 1136 1433 ad
1176 1393 1454 1445 pleonasmos
1497 1390 1714 1434 retuleris.

206 1445 308 1489 Non
338 1450 457 1491 enim
487 1449 682 1505 pertinet
711 1452 766 1492 ad
799 1452 889 1502 illa,
920 1452 972 1492 de
995 1450 1156 1502 quibus
1184 1449 1375 1491 diximus
1405 1446 1519 1501 Isag.
1542 1450 1574 1501 §.
1607 1446 1647 1488 6.
1677 1461 1714 1492 s.

205 1502 288 1546 Per
321 1519 367 1548 se
403 1507 491 1562 ὅσονγ
514 1510 878 1562 significationem
908 1509 1139 1550 luculentae
1168 1505 1484 1560 magnitudinis
1518 1517 1606 1546 non
1637 1506 1713 1546 ha..

203 1561 290 1604 bet.
333 1563 507 1607 Natura
536 1571 684 1608 autem
727 1567 836 1608 duce
874 1567 1002 1619 signo
1036 1565 1268 1618 dupliciter
1299 1564 1365 1604 vel
1406 1564 1543 1603 etiam
1566 1562 1712 1605 multi.

200 1620 374 1672 pliciter
402 1623 552 1665 addito
581 1629 800 1676 notamus,
831 1637 926 1676 quae
957 1624 1147 1664 maxime
1172 1621 1373 1662 volumus
1407 1620 1714 1664 animadverti.

200 1674 354 1732 Itaque
393 1681 471 1722 ὅσον
515 1682 610 1730 ὅσον,
652 1687 703 1724 ut
738 1681 835 1723 Lat.
880 1687 1087 1738 quantum
1126 1685 1345 1736 quantum,
1387 1678 1525 1719 videri
1567 1681 1712 1731 potest

198 1735 543 1793 magnitudinem
575 1739 637 1781 rei
674 1744 843 1788 notare,
877 1753 961 1780 non
992 1740 1055 1780 rei
1088 1738 1258 1790 exiguae
1295 1736 1488 1777 modum.
1548 1734 1634 1777 Sed
1664 1736 1711 1780 in

201 1804 271 1847 ep.
301 1795 357 1836 ad
387 1794 598 1839 Hebraeos
628 1811 670 1839 x.
699 1797 771 1840 37.
807 1798 869 1839 sic
896 1798 1108 1851 scriptum
1142 1800 1233 1837 est:
1254 1792 1353 1835 ’Έτι
1372 1793 1447 1849 «γὰρ
1466 1792 1610 1848 μικρὸν,
1632 1793 1710 1835 ὅσον

202 1849 281 1892 ὅσον
304 1854 321 1893 ὅ
356 1855 559 1909 ἐρχόμενος
587 1854 683 1906 ἥξει,
715 1857 780 1896 καί
799 1859 840 1896 οὐ
874 1857 1028 1910 χρονιεῖ.
1090 1852 1176 1895 Hic
1195 1856 1240 1894 et
1261 1852 1406 1906 prima
1435 1853 1480 1892 et
1511 1855 1710 1893 extrema

201 1910 335 1951 verba
353 1913 603 1965 ostendunt,
624 1914 767 1957 media
801 1913 935 1954 etiam
955 1914 1007 1954 de
1029 1924 1164 1966 parvo
1185 1910 1394 1964 temporis
1414 1908 1560 1964 spatio
1578 1909 1710 1950 intel-

200 1966 282 2019 ligi
316 1968 483 2012 debere.
556 1971 624 2014 Ad
655 1985 755 2014 eum
788 1973 931 2013 locum
964 1971 1070 2011 olim
1102 1969 1251 2010 notavi
1287 1980 1341 2009 ex
1371 1966 1576 2013 Arriano,
1612 1964 1709 2025 Ind.

201 2022 248 2064 S.
277 2023 347 2067 29.
394 2029 514 2078 ὀλίγοι
542 2028 580 2070 δὲ
614 2033 739 2071 αὐτῶν
775 2031 976 2084 σπείρουσιν
1005 2028 1083 2070 ὅσον
1115 2027 1194 2068 ’ὅσον
1232 2028 1303 2069 τῆς
1336 2026 1486 2081 χώρης.
1557 2022 1710 2066 Minus

199 2081 345 2125 clarus
379 2089 446 2127 est
489 2087 600 2129 hanc
630 2088 678 2129 in
711 2092 884 2141 partem
918 2087 991 2127 ille
1029 2087 1162 2127 locus.
1243 2081 1406 2124 Melius
1443 2083 1610 2124 utimur
1639 2095 1711 2130 eo,

199 2141 318 2193 quod
338 2145 369 2183 οἱ
390 2144 407 2182 ὁ
439 2142 510 2185 Es.
539 2146 657 2187 xxvi.
695 2145 766 2187 20.
791 2160 962 2196 pan-eyn
977 2143 1203 2199 (eoeiguum
1220 2146 1490 2188 momentum,
1488 2141 1513 2192 )
1535 2142 1712 2182 vertunt

198 2198 329 2253 μικρὸν
362 2200 440 2242 ὅσον
475 2202 568 2244 ὅσον.
647 2201 953 2244 Clarissimum
991 2206 1140 2242 autem
1180 2199 1404 2253 Aristoph.
1441 2196 1566 2251 Vesp.
1606 2195 1708 2239 213.

198 2252 254 2295 Τί
273 2260 338 2299 οὐκ
358 2259 675 2310 ἀπεκοιμηὲήμεν
692 2262 770 2303 ὅσον
790 2262 869 2301 ὅσον
891 2260 1023 2302 στίλην
1041 2262 1058 2300 'l
1090 2256 1195 2314 quin
1215 2256 1331 2298 ocius
1357 2253 1548 2311 capimus
1577 2266 1709 2310 quan-

200 2311 493 2373 tulumcunque
512 2324 573 2360 est·
593 2317 706 2373 (sive
721 2317 978 2375 paullulum)
998 2314 1135 2359 somni
1150 2320 1168 2357 ί)
1199 2314 1267 2354 Ad
1287 2326 1380 2354 rem
1413 2313 1551 2365 igitur
1585 2311 1710 2354 valde

200 2369 564 2424 imminuendam,
589 2381 632 2419 et
653 2377 832 2433 proinde
854 2376 909 2417 ad
934 2375 1198 2430 gravitatem
1229 2371 1474 2418 sententiae,
1508 2369 1619 2412 facit
1641 2369 1712 2414 hie

197 2428 492 2483 pleonasmus.

210 2489 214 2491 ’
254 2486 295 2528 3.
328 2487 459 2531 Salva
480 2494 700 2534 sententia
719 2493 798 2535 ὅσον
826 2506 959 2548 porro
988 2490 1194 2533 excludas
1223 2502 1278 2531 ex
1310 2488 1378 2529 his
1408 2485 1596 2528 [maiani
1622 2483 1711 2529 Na-

197 2554 288 2601 wg.
317 2545 381 2588 17.
415 2550 539 2599 ὀλίγον
560 2550 637 2591 ὅσον
667 2551 885 2599 ’ἡμιστάδιον
906 2550 950 2592 τὸ
978 2549 1049 2604 πρὸ
1070 2553 1137 2590 τοῦ
1167 2548 1351 2592 Διπύλου
1386 2544 1632 2594 ἐπιλήψομαι
1658 2547 1711 2604 ’τῇ

197 2603 318 2658 εὐχῇ.
331 2617 467 2660 parvo
498 2606 743 2650 hemistactz‘z‘
760 2608 913 2664 spatio,
948 2606 1061 2664 quod
1093 2611 1273 2648 estante
1303 2601 1528 2659 Dipylum,
1559 2612 1711 2659 aggre-

198 2657 298 2720 diar
316 2667 473 2706 votum.
534 2663 590 2709 Et
621 2665 673 2707 de
697 2673 827 2708 morte
847 2665 1024 2722 Peregr.
1054 2663 1127 2706 25.
1160 2664 1236 2706 ubi
1257 2662 1402 2704 verior
1421 2663 1490 2702 est
1508 2658 1708 2714 pleonas-

197 2728 324 2760 mus:
357 2723 524 2762 καίονται
554 2723 632 2765 οὐδ’
653 2724 731 2766 ὅσον
762 2726 886 2773 ὀλίγον
914 2723 1170 2779 ἐκτρέψαντες
1203 2723 1274 2764 τῆς
1308 2717 1587 2764 κατακλίσεως,
1620 2727 1705 2756 ΟΥθ·

196 2775 309 2818 mari
331 2782 376 2819 se
387 2779 636 2835 patiuntur,
665 2796 716 2823 ne
740 2781 938 2839 paullum
957 2779 1129 2837 quidem
1155 2783 1369 2821 mutantes
1395 2774 1532 2819 locum
1560 2778 1602 2814 et
1619 2779 1707 2814 sta-

197 2837 301 2883 tum,
334 2849 416 2901 quo
449 2837 743 2882 decubuerant.
805 2838 902 2882 Hoc
941 2841 1035 2880 sine
1070 2838 1204 2879 dubio
1241 2835 1357 2878 idem
1387 2836 1470 2883 est,
1500 2829 1619 2885 quod
1657 2831 1705 2871 in

192 2889 412 2950 Fugitzvis
429 2895 474 2937 7.
505 2885 681 2951 dicitur,
702 2899 903 2952 ἀνέχονται
920 2897 1120 2945 καιόμενοι,
1151 2893 1251 2936 οὐδὲν
1272 2896 1338 2934 τοῦ
1358 2889 1569 2944 σχῆματος
1586 2887 1612 2934 ἢ
1633 2891 1706 2931 ‘riis‘

194 2948 382 3010 καθέδρας
410 2954 665 3013 ἐκτρέποντες.
726 2954 813 3001 Sed
845 2956 890 3002 in
925 2954 1147 3014 prioribus
1169 2951 1275 2998 locis
1295 2949 1467 2996 animus
1483 2945 1706 2992 excitatur
