1838 3164
194 169 284 211 xxiv
655 156 942 206 PRAEFA'PIO
970 153 1242 198 LEISNERI.

192 288 317 331 Jens,
345 286 464 330 Lect.
487 286 662 330 Lucian.
683 285 712 326 i.
739 285 802 327 15.
861 280 977 329 Quid
996 277 1133 330 ergo?
1163 274 1260 321 Hoc
1281 277 1390 330 puto
1410 276 1626 323 constare,
1648 274 1687 317 si

191 347 292 399 quis
309 347 447 401 putet,
470 347 562 387 illic
581 343 755 397 ellipsin
776 341 934 383 voculae
964 339 1012 378 ὡς
1032 346 1142 401 esse,
1173 333 1251 374 ubi
1270 334 1409 400 deest,
1437 338 1688 386 propterea,

190 403 307 455 quod
325 404 431 445 alibi
447 404 609 445 diserte
627 402 828 450 addatur,
859 409 957 439 eum
971 393 1084 440 falh,
1114 403 1251 444 quum
1271 391 1375 432 allbl
1397 402 1485 431 110ss
1504 395 1603 441 tam?
1616 391 1688 458 (19·

191 461 326 507 ficiat,
356 473 487 513 quam
507 461 614 502 alibi
634 459 840 500 abundet.
1503 506 1512 515 α
1666 475 1668 477 v

248 515 334 558 Sed
354 522 421 559 est
437 520 574 560 etiam
593 521 754 572 praeter
786 515 896 555 hanc
927 512 1017 554 alia
1047 519 1195 554 causa,
1224 519 1301 548 cur
1321 519 1423 548 non·
1439 507 1604 560 ublque
1628 507 1703 548 lu-¹

189 587 289 616 cum
306 587 403 616 esse
421 578 627 630 putemus
645 575 736 621 isti,
766 584 897 625 quam
917 570 1124 614 diximuS‚
1153 565 1538 630 argumentationi.
1571 563 1703 606 Nam‘

188 644 278 672 una
296 644 380 673 vox
400 632 596 673 admittit
613 645 700 673 non
720 643 821 671 raro
840 628 1061 670 variarum
1079 631 1235 664 vocum
1249 622 1436 676 ellipses.
1496 620 1547 663 In
1566 622 1691 675 ζύγιος

189 688 605 741 subintelligendum
641 688 769 729 modo
788 685 906 733 Ζεὺς,
936 683 1064 725 modo
1084 681 1215 727 ἵππος,
1246 679 1390 728 modo,
1410 681 1448 722 si
1470 678 1691 734 Hesychio

187 745 466 793 credendum,
499 748 517 786 ὅ
539 747 663 800 τρίτος
682 747 825 800 ἑξέτης.
884 741 950 784 Ita
976 743 1018 783 in
1042 738 1236 785 ἓαλσίμιος
1254 737 1444 791 intelligi
1474 737 1604 778 debet
1622 739 1692 778 in-

185 801 356 843 terdum
389 803 535 857 ἐρέτης,
564 803 787 844 interdum
819 804 986 846 ναύτης;
1017 799 1062 839 in
1082 795 1266 843 θαλαμίαι
1296 798 1444 836 autem
1474 795 1693 837 interdum

187 858 317 906 κώπη,
345 872 497 907 remus,
528 863 578 900 ut
606 859 724 913 apud
753 858 977 912 Aristoph.
1015 855 1205 896 Acharn.
1227 850 1327 893 552.
1352 853 1577 894 interdum
1597 851 1692 899 ὀπῆ,

174 913 394 970 foramen,
423 917 540 969 quod
570 917 746 958 additur
774 917 830 956 ab
853 914 1075 967 Aristoph.
1107 909 1221 952 Rari.
1246 908 1364 951 1106.
1424 909 1491 951 Ad
1521 922 1618 963 quae
1655 910 1692 951 si

186 972 287 1023 quis
308 986 396 1015 non
416 975 524 1015 satis
544 971 747 1020 attendit,
778 974 816 1013 is
839 972 1032 1027 periculo
1060 968 1283 1023 expositus
1302 971 1384 1015 est,
1415 967 1591 1022 ellipses
1613 967 1691 1008 fin-

184 1030 335 1080 gendi,
375 1043 609 1084 vocemque
644 1032 840 1083 aliquam
870 1029 1063 1082 elliptice
1095 1025 1284 1080 positam
1321 1037 1400 1078 per
1432 1026 1567 1067 aliam
1592 1038 1695 1078 sup-

183 1086 352 1139 plendi,
382 1099 480 1140 quae
500 1089 565 1128 illi
598 1088 777 1140 quidem
810 1099 898 1127 non
930 1098 1009 1139 per
1044 1097 1107 1131 se,
1138 1082 1214 1124 sed
1233 1086 1384 1123 tamen
1413 1081 1484 1123 hic
1503 1086 1550 1122 et
1579 1093 1696 1122 nunc

185 1147 418 1196 repugnat.
479 1143 692 1197 Exemplo
725 1146 871 1197 potest
906 1154 1001 1182 esse
1029 1141 1151 1182 loeus
1170 1139 1483 1191 Aristophanis
1502 1137 1694 1180 Acharn.

185 1198 285 1241 552.
315 1200 392 1240 ubi
419 1212 504 1241 vox
524 1198 736 1248 θαλάμιος,
767 1212 865 1252 quae
893 1198 1108 1240 defective
1129 1196 1289 1251 posita,
1317 1199 1368 1236 ut
1387 1195 1518 1236 modo
1550 1195 1696 1236 docui-

184 1268 299 1305 mUS,
330 1257 513 1298 diversis
549 1258 690 1298 modis
724 1257 918 1311 suppleri
938 1259 1099 1309 potest.
1160 1253 1426 1294 Scholiastes
1446 1252 1584 1304 igitur
1603 1251 1696 1292 (1.1.

183 1326 283 1355 eam
312 1315 492 1367 supplet
530 1327 609 1367 per
639 1317 797 1359 ναύτης,
828 1325 963 1364 quarn
992 1323 1143 1352 vocem
1175 1320 1302 1363 posse
1321 1309 1487 1356 omitti,
1523 1322 1578 1350 ex
1610 1307 1700 1350 He-

184 1371 333 1424 sychio
366 1373 554 1417 constat,
585 1370 721 1410 immo
751 1382 850 1422 quae
881 1369 998 1423 apud
1030 1367 1328 1419 Thucydidem
1359 1369 1404 1406 et
1436 1365 1700 1407 Athenaeum

183 1439 337 1468 revera
360 1427 408 1468 in
429 1425 623 1475 θαλάμιος
653 1427 887 1467 omittitur.
950 1425 1255 1466 Nihilominus
1282 1436 1379 1464 eam
1398 1424 1545 1465 deesse
1565 1423 1700 1464 Scho-

180 1484 332 1525 liastes
353 1485 466 1525 male
485 1487 613 1538 putat
633 1485 678 1525 in
697 1484 815 1525 dicto
835 1484 930 1525 loco
950 1482 1278 1536 Aristophanis,
1307 1494 1407 1521 cum
1427 1494 1512 1522 vox
1542 1495 1700 1535 τροπου-

184 1543 319 1592 μένων,
350 1554 446 1594 quae
478 1542 540 1583 ibi
570 1542 666 1583 voci
705 1539 912 1589 θαλαμίων
937 1541 1159 1594 Jungitur,
1191 1552 1279 1580 non
1301 1539 1464 1588 nautis,
1494 1539 1575 1581 sed,
1589 1539 1700 1592 ipsis

183 1599 425 1651 remigibus
444 1600 693 1646 conveniat,
723 1599 888 1653 quippe
918 1611 1051 1653 quum
1070 1597 1116 1637 τὸ
1137 1594 1367 1652 τροποῦσθαι
1390 1597 1457 1637 vel
1479 1597 1700 1651 τροπώσαισ-

185 1653 266 1707 θαι,
295 1655 406 1697 nihil
444 1657 502 1697 sit
521 1656 659 1703 aliud,
687 1669 821 1709 quam
842 1655 887 1696 τὸ
908 1657 978 1698 τὴν
999 1657 1128 1698 κώπην
1157 1653 1254 1708 πρὸς
1284 1652 1346 1693 τὸν
1380 1653 1552 1701 σκαλμὸν
1572 1652 1713 1703 δῆσαι,

181 1724 340 1754 remum
359 1713 449 1754 loro
475 1712 535 1754 ad
552 1713 755 1755 scalmum
785 1711 982 1767 alligare,
1014 1717 1063 1753 ut
1099 1711 1312 1752 Kusterus
1340 1711 1468 1752 docet
1499 1711 1555 1752 ad
1575 1710 1698 1752 Aris—

184 1770 302 1823 toph.
327 1769 640 1812 Acharnenses.
700 1769 916 1818 Quocirca
932 1771 1137 1811 laudatus
1160 1768 1375 1810 Kusterus
1394 1769 1548 1811 merito
1565 1769 1698 1812 Scho-

183 1827 358 1869 liastem
374 1828 654 1883 reprehendit
665 1831 709 1868 et
728 1832 864 1869 κωπῶν
881 1829 1090 1870 omissum
1107 1827 1255 1881 potius
1275 1838 1384 1872 esse,
1400 1839 1534 1879 quam
1553 1832 1698 1869 ναυτῶν

184 1884 467 1927 demonstrat.
529 1884 630 1927 Huc
650 1886 859 1940 pertinet,
892 1886 1008 1938 quod
1045 1886 1090 1926 in
1122 1883 1296 1938 Περσικαὶ
1326 1883 1456 1925 modo
1485 1886 1589 1933 μέλη
1619 1898 1698 1926 seu

184 1942 349 1994 ᾅσματα
387 1943 491 1993 sint,
541 1944 669 1984 modo
720 1942 955 1990 ὑποδήματα
991 1941 1304 1984 subaudienda.
1386 1939 1551 1991 Quum,
1601 1957 1700 1996 quae

188 1996 345 2040 Bosius
365 1999 411 2039 in
432 2013 535 2040 voce
567 2002 703 2055 χρόνου
723 2000 864 2047 docet,
897 2002 942 2041 in
979 2001 1168 2056 προϊόντος
1203 1999 1323 2053 apud
1352 1997 1537 2041 Theocr.
1573 1998 1708 2054 Idyll..

185 2055 276 2096 xiv.
315 2056 463 2098 deesse
497 2058 651 2112 χρόνου,
696 2058 955 2110 diligentius
986 2058 1231 2105 considero,
1276 2057 1493 2111 simulque
1541 2058 1700 2099 seriem

185 2113 392 2155 carminis
413 2115 529 2167 apud
548 2112 829 2155 Theocritum
846 2116 996 2169 paullo
1015 2116 1263 2156 accuratius
1283 2116 1522 2169 perpendo,
1554 2116 1699 2157 facere

187 2181 375 2222 nequeo,
406 2172 513 2224 quin
533 2173 729 2223 ejusdem
751 2173 906 2213 erroris
942 2171 1117 2214 Bosium
1145 2185 1360 2220 accusem,
1390 2174 1516 2225 cujus
1535 2172 1700 2225 -paullo

186 2231 289 2268 ante
322 2226 612 2269 Scholiastem
642 2229 948 2283 Aristophanis
987 2243 1111 2271 reum
1144 2230 1341 2284 agebam.
1412 2227 1577 2270 Verum
1611 2233 1696 2276 est,

189 2280 527 2338 Xenophontem
548 2286 704 2327 addere
725 2288 880 2341 χρόνου,
910 2287 986 2329 36(1
1007 2300 1156 2329 verum
1176 2288 1308 2329 etiam
1342 2287 1450 2327 illud
1479 2290 1563 2334 est,
1585 2299 1700 2340 saepe

187 2341 312 2381 πότου
339 2343 450 2383 alios
482 2344 713 2396 scriptores
758 2344 932 2393 addere,
963 2344 1240 2393 Athenaeum,
1270 2342 1524 2398 Josephum,
1551 2343 1701 2386 Achil-

190 2396 278 2438 lem
316 2396 509 2448 Tatium‚
538 2401 614 2452 qui
656 2414 734 2454 pro
772 2403 965 2456 προϊόντος
1000 2408 1066 2444 τοῦ
1107 2404 1231 2443 πότου
1265 2401 1398 2442 habet
1434 2403 1702 2456 προβαίνοντος

188 2458 256 2495 τοῦ
287 2456 426 2496 πότου.
487 2455 584 2497 Vid.
616 2455 797 2499 Observ.
828 2458 1014 2502 Miscell.
1050 2460 1135 2501 vol.
1167 2473 1208 2501 v.
1241 2464 1276 2500 t.
1309 2459 1351 2499 3.
1391 2472 1436 2513 p.
1462 2458 1527 2499 62.
1588 2457 1699 2500 Sub-

188 2511 465 2553 scribendum
499 2513 590 2555 illic
625 2514 878 2557 Scholiastae
910 2519 1057 2571 potius
1095 2520 1178 2564 est,
1220 2515 1295 2569 qui
1336 2518 1531 2571 προϊόντος
1562 2516 1701 2571 expli-

188 2571 259 2608 cat
295 2571 574 2623 προκόπτοντος
607 2577 672 2613 τοῦ
711 2575 850 2621 πότου,
881 2587 1015 2627 quam
1053 2575 1119 2616 vel
1161 2575 1411 2627 interpreti,
1444 2574 1525 2614 .vel
1565 2573 1701 2615 Bosio

189 2628 355 2690 nostro.
415 2625 508 2668 Etsi
531 2630 648 2670 enirn
666 2636 897 2672 occurrunt
916 2633 1017 2680 loci,
1047 2631 1124 2672 ubi
1146 2632 1278 2685 χρόνον
1315 2631 1502 2683 intelligi
1533 2635 1699 2686 potest,

188 2693 319 2779 36τιὲ3
338 2687 487 2725 tamen
508 2682 646 2738 Idyllii
670 2690 777 2729 satis
797 2689 1005 2737 declarat,
1038 2688 1154 2729 hunc
1174 2689 1317 2729 locum
1347 2689 1461 2730 inter
1493 2689 1591 2731 illos
1612 2701 1701 2731 non

188 2750 267 2791 per
291 2752 421 2781 inere.

246 2793 394 2860 Etiam
431 2799 516 2839 illae
552 2802 724 2855 ellipses
764 2807 949 2857 possunt
977 2804 1172 2857 quaesitae
1211 2804 1367 2851 videri,
1399 2817 1536 2857 quum
1574 2817 1702 2846 voces

189 2863 358 2894 omissae
375 2855 574 2899 dicuntur
594 2872 701 2907 esse,
733 2874 829 2915 quae
850 2860 927 2901 ἀπὸ
946 2865 1080 2909 κοινοῦ,
1113 2861 1157 2901 h.
1179 2874 1218 2902 e.
1242 2875 1296 2902 ex
1317 2864 1517 2916 proxime
1545 2873 1702 2917 praece-

188 2908 391 2951 dentibus
410 2915 590 2964 assumi,
621 2921 665 2957 et
686 2919 840 2971 repeti,
869 2922 913 2959 et
935 2919 981 2959 in
1002 2919 1257 2960 memoriam
1288 2920 1475 2972 legentis
1494 2920 1702 2963 -revocari

189 2970 386 3019 possunt.
447 2967 599 3024 Itaque
621 2975 714 3028 ipse
736 2975 1006 3019 scholiastes
1024 2974 1287 3031 Thucydidis
1308 2978 1362 3020 ad
1382 2978 1412 3020 i.
1433 2976 1507 3021 35.
1540 2977 1703 3031 fingere
