1838 3164
623 145 911 192 PRAErArlo
938 132 1214 189 mISNsm.
1337 116 1346 123 ⁶
1624 150 1695 192 xiii

173 265 342 316 mediis,
374 268 429 310 de
448 267 684 311 idiotismis
717 267 878 311 Graecae
909 268 1088 323 linguae,
1122 270 1178 311 de
1206 268 1451 324 particulis,
1481 272 1526 312 et
1544 271 1678 327 siqui

159 328 276 368 «sunt
315 326 392 368 alii
403 340 419 374 3
468 326 837 380 supersedendum
868 339 978 368 esse.
1052 325 1198 375 Nunc,
1240 330 1291 369 ut
1325 330 1488 369 norunt
1525 342 1678 372 omnes

169 382 318 435 paullo
337 383 632 434 humaniores,
661 383 777 425 ratio
808 385 999 437 quusvis
1028 385 1191 439 linguae
1210 384 1304 426 fere
1335 385 1403 426 ita
1420 391 1679 440 comparata

159 443 249 490 est,
260 445 459 494 utquam
477 442 704 483 minimam
723 441 844 483 illius
862 446 1035 496 partem
1055 443 1094 483 is
1113 442 1350 495 intelligat,
1367 443 1444 496 qui
1463 444 1679 487 vocabula

160 495 385 541 ,duntaxat
398 499 620 552 intelligit.
640 497 792 553 Itaque
808 500 918 541 satis
942 500 1093 542 mirari
1105 512 1192 542 non
1206 512 1401 554 possum,
1417 503 1462 542 et
1475 501 1679 544 inventos

168 554 322 604 faisse,
349 559 396 597 et
414 570 530 598 nunc
550 557 756 604 inveniri,
787 557 863 613 qui
884 570 958 599 eos
987 558 1250 612 prolinguae
1278 555 1444 599 Graecae
1462 558 1680 613 peritissi-

160 612 513 662 misxvenditent,
542 627 598 655 ex
616 627 803 668 quorum
822 615 999 669 scriptis
1028 615 1138 657 nihil
1170 614 1291 657 aliud
1310 616 1509 670 colligas,-
1541 630 1678 673 quam

163 681 240 711 eos
258 674 417 725 praeter
432 672 708 713 elementaris
727 673 1035 726 grammatices
1069 677 1305 728 praecepta,
1336 686 1435 715 eam
1467 674 1561 715 sere
1583 688 1678 717 om·

161 727 287 770 ulum
306 741 462 771 vocum
481 729 736 772 Graecarum
770 731 876 778 vim,
912 744 1010 785 quae
1038 732 1084 773 in
1105 729 1276 772 Lexieis
1304 732 1509 782 traditur,
1538 733 1679 786 probe

153 784 450 834 intellexisse,
495 791 643 829 cetera
682 801 799 837 vero,
842 799 940 840 quae
959 808 961 810 -
983 788 1041 829 ad
1075 792 1280 830 naturam
1317 789 1481 830 Graecae
1514 790 1678 843 linguae

158 844 400 896 pertinent,
421 845 660 897 ignorasse.
694 843 809 893 Quia
831 844 985 887 Graeca
1003 847 1155 899 lingua
1173 858 1263 887 una
1281 858 1382 887 eum
1400 844 1563 888 Latina
1577 861 1677 902 pro-

155 898 259 953 prie
292 901 408 943 inter
438 915 514 944 eas
539 903 715 955 linguas
749 904 958 957 pertinet,
989 917 1088 956 quae
1108 903 1290 944 eruditae
1312 915 1399 944 non
1427 904 1568 945 solum
1600 905 1677 947 ha-

155 955 337 1005 bentur,
368 971 520 1000 verum
539 961 674 1001 etiam
708 964 826 1007 sunt,
859 961 939 1001 hoc
972 964 1056 1008 est,
1089 961 1205 1002 inter
1233 960 1450 1013 ejusmodi
1481 962 1676 1015 linguas,

159 1026 260 1067 quae
278 1016 372 1058 sine
398 1029 570 1069 magnae
592 1017 856 1059 eruditionis
882 1018 1106 1072 praesidio,
1136 1018 1233 1059 sine
1252 1018 1677 1070 cognitioneffhisto-

159 1072 237 1114 riae
253 1074 429 1121 veteris,
458 1075 625 1115 rituum
661 1079 706 1115 et
739 1075 1000 1128 opinionum
1018 1076 1125 1116 olim
1148 1079 1438 1130 receptarum,
1469 1076 1558 1118 imo
1581 1078 1679 1120 sine

150 1128 451 1184 -philosophiae
484 1132 643 1173 veteris
664 1135 709 1172 et
730 1134 1036 1184 grammatices
1067 1133 1338 1174 sublimioris
1368 1138 1575 1176 accurata
1600 1148 1679 1178 no-

150 1187 260 1228 titia
297 1188 485 1240 intelligi
524 1192 780 1241 nequeunt;
825 1189 942 1230 haud
978 1190 1111 1231 dubie
1142 1191 1271 1242 longe
1320 1191 1493 1244 majori,
1544 1204 1678 1244 quam

149 1243 252 1285 >solo
270 1245 581 1287 vocabulorum
602 1249 838 1300 apparatu,
857 1247 931 1294 iis,
960 1248 1036 1299 qui
1058 1247 1114 1288 ad
1135 1248 1331 1300 aliquam
1357 1248 1532 1290 laudem
1554 1248 1678 1292 Grae-

155 1308 305 1343 carum
321 1302 550 1343 literarum
571 1303 816 1356 adspirant,
846 1316 958 1356 opus
988 1307 1070 1345 est.
1130 1302 1299 1346 Idcirco
1328 1317 1417 1346 non
1437 1306 1503 1347 illi
1532 1309 1679 1350 solum

147 1357 266 1400 »bene
284 1358 338 1400 de
369 1356 534 1402 Graecis
554 1360 692 1402 literis
725 1364 965 1411 merentur,
998 1363 1074 1416 qui
1095 1359 1347 1402 Graecorum
1366 1366 1566 1404 veterum
1587 1365 1680 1406 his-

128 1413 655 1472 ‘-toriam,>antiquItates‚
685 1418 816 1465 ritus,
852 1419 1096 1472 opiniones,
1127 1422 1286 1465 cetera,
1321 1419 1476 1460 sivein
1499 1422 1593 1464 suis
1618 1422 1679 1464 ad

151 1472 336 1516 -Graecos
369 1479 570 1516 auctores
612 1475 1007 1524 observationibus,
1059 1478 1152 1518 sive
1202 1476 1334 1517 editis
1377 1477 1678 1531 peculiaribus

143 1531 296 1584 libris,
323 1533 546 1586 explicant
565 1546 576 1580 ;
607 1546 759 1574 verum
792 1534 930 1574 etiam
952 1534 996 1574 hi
1019 1538 1093 1575 τῶν
1113 1533 1351 1586 φιλελλήνων
1371 1535 1556 1577 utilitati
1576 1549 1678 1580 con-

157 1590 323 1638 sulunt,
352 1590 429 1642 qui
457 1590 703 1632 difficiliora
736 1591 954 1644 simulque
985 1592 1118 1644 vulgo
1151 1591 1421 1644 neglectiora
1451 1606 1675 1646 gramma-

152 1647 260 1689 tices
286 1648 449 1702 capita,
476 1649 719 1702 quusmodi
750 1649 832 1690 hoc
860 1649 915 1690 de
954 1649 1095 1703 ellipsi
1126 1651 1209 1697 est,
1239 1662 1294 1691 ex
1324 1649 1530 1692 instituto
1557 1655 1674 1696 trac-

147 1708 269 1746 tant.

143 1790 148 1795 -
210 1760 438 1810 Quantum
470 1762 713 1816 adjumenti
746 1763 802 1804 ad
834 1763 1012 1805 Graecos
1044 1767 1245 1805 auctores
1276 1764 1441 1806 rectius
1472 1770 1519 1808 et
1545 1767 1672 1811 intel-

152 1819 353 1874 ligendos
372 1825 417 1862 et
441 1822 709 1863 enarrandos
745 1822 944 1863 doctrina
977 1821 1211 1875 ellipsium'
1234 1821 1422 1870 adferat,
1451 1829 1672 1876 quantum

150 1879 321 1920 veroin
339 1879 682 1934 interpretandis
716 1879 869 1921 iisdem
901 1879 1189 1932 scriptoribus
1210 1879 1467 1922 hallucinati
1487 1882 1671 1933 fuerint,

150 1947 307 1978 vocum
345 1937 610 1977 emissarum
643 1938 806 1989 ignari,
845 1940 924 1978 aut
957 1939 1074 1977 certe
1106 1948 1194 1978 non
1230 1938 1339 1978 satis
1369 1939 1553 1988 curiosi,
1583 1941 1669 1985 hoc

151 1994 322 2046 aliquot
369 1994 585 2047 exemplis
613 1994 722 2035 vicit
750 1994 798 2035 in
826 1995 1056 2048 praemissa
1088 1993 1191 2036 huic
1221 1994 1370 2036 libello
1402 1997 1665 2049 praefatione

151 2047 305 2092 Lamb.
346 2048 446 2093 BOS.
508 2049 622 2092 Sunt
661 2052 717 2092 ad
756 2064 934 2092 manum
970 2053 1206 2106 permulta,
1249 2064 1347 2105 quae
1384 2053 1439 2094 iis
1473 2055 1666 2108 adjicere

146 2120 393 2160 possemus,
414 2120 567 2149 verum
597 2121 653 2150 ne
683 2108 810 2151 nimii
831 2109 1072 2161 videamur,
1104 2109 1257 2164 paucis
1275 2111 1469 2152 contenti
1485 2114 1666 2157 erimus.

149 2162 374 2218 Polyaenus
406 2166 436 2206 ἰ.
463 2165 530 2207 17.
561 2167 593 2206 οἷ
612 2165 950 2210 Μεσσήνιοι-τὴν
982 2168 1084 2210 νίκην
1117 2170 1170 2212 οὐ,
1203 2165 1265 2208 διαὶ
1293 2172 1444 2223 μακροῦ
1472 2169 1666 2212 Λακεδαι-

148 2223 286 2267 μονίοις
312 2221 467 2265 ἔδωκαν.
528 2221 748 2278 Interpres
791 2224 883 2266 haec
922 2225 987 2266 ita
1015 2224 1236 2266 reddidit:
1282 2223 1494 2268 Messenii
1528 2227 1663 2272 victo-

139 2277 261 2321 riam
285 2293 373 2322 mm
404 2279 611 2336 exiguam
641 2279 976 2324 Lacedaemoniis
1010 2280 1232 2323 dederunt.
1289 2282 1419 2324 Male.
1451 2285 1477 2327 ἦ
1507 2286 1590 2330 νίκη
1620 2291 1664 2329 οὔ

107 2333 121 2339 “
149 2335 213 2377 διὰ
239 2343 388 2394 μακροῦ
422 2351 510 2380 non
545 2342 613 2380 est
647 2338 826 2382 victur-ia
859 2353 1037 2396 magna,
1066 2340 1135 2381 vel
1167 2338 1350 2382 victoria
1375 2353 1464 2383 non
1486 2342 1662 2399 exigua.

150 2391 268 2440 Quid
287 2398 422 2450 ergo?
453 2397 498 2437 in
521 2396 602 2438 hac
622 2397 765 2439 forma
785 2398 992 2453 loquendi
1027 2401 1069 2438 οὒ
1100 2396 1160 2438 διὰ
1190 2402 1340 2454 μακροῦ
1367 2401 1662 2454 supprimitur

147 2451 193 2492 τὸ
221 2453 372 2507 χρόνου.
401 2456 444 2494 οὐ
476 2453 537 2494 διὰ
569 2461 718 2510 μακροῦ
747 2469 852 2508 ergo
887 2459 955 2497 est
982 2452 1114 2506 brevi,
1143 2453 1260 2497 cito«
1305 2454 1565 2509 OuJusmodi
1595 2460 1662 2502 lo-

143 2521 220 2550 cos
247 2509 396 2564 plures
426 2513 773 2566 suppeditabunt
806 2514 941 2554 etiam
972 2511 1231 2554 Perizonius
1269 2513 1326 2554 ad
1359 2512 1523 2557 AElian.
1547 2514 1657 2561 Var-

145 2564 266 2665 Hislt(5
292 2568 368 2609 lib.
399 2581 444 2610 x.
465 2581 504 2610 c.
524 2568 595 2611 21.
623 2574 669 2612 et
689 2569 890 2612 Kuhnius
919 2570 977 2613 ad
1011 2569 1199 2613 Pausan.
1223 2568 1408 2614 Boeotic.
1427 2585 1469 2614 c.
1499 2576 1656 2618 xxviii.

203 2679 417 2735 Equidem
438 2687 597 2737 praeter
625 2686 738 2728 hanc
770 2698 947 2727 causam
970 2685 1141 2740 reperio
1175 2685 1286 2728 duas
1305 2687 1430 2735 alias,
1461 2701 1540 2731 cur
1557 2690 1659 2734 doc-

146 2739 267 2781 trina
296 2741 384 2782 ista
405 2753 494 2782 non
514 2743 776 2796 negligenda
798 2744 871 2795 sit,
900 2756 1051 2791 unam,
1090 2744 1207 2797 quod
1243 2744 1498 2797 detegendis
1530 2749 1659 2791 malis

147 2797 531 2840 emendationibus
549 2801 673 2843 utilis
693 2802 768 2848 sit,
798 2801 1112 2856 impediatque,
1142 2814 1231 2854 quo
1255 2802 1402 2843 minus
1432 2808 1661 2848 auctorum

137 2854 285 2902 locos,
314 2856 477 2908 quibus
499 2870 581 2898 sua
600 2862 776 2900 constat
807 2859 978 2900 sanitas
1010 2863 1056 2899 et
1086 2859 1336 2912 integritaS,
1365 2862 1544 2904 mutilos
1563 2877 1661 2906 esse

144 2924 198 2953 ac
229 2913 492 2968 depravatos
522 2916 697 2958 credas:
731 2917 935 2964 alteram,
966 2916 1084 2970 quod
1116 2917 1243 2970 quasi
1264 2918 1381 2959 viam
1401 2931 1517 2975 saepe
1535 2933 1659 2963 mon-

144 2973 255 3023 stret
273 2971 328 3013 ad
349 2972 466 3014 locos
496 2973 611 3027 male
643 2974 824 3018 affectos
856 2974 1101 3028 integritati
1129 2975 1434 3024 restituendos.
1494 2976 1658 3023 Prioris
