1838 3164
415 187 733 234 PLEONAsm
757 182 1274 233 snBsrAmwowM.
1543 181 1603 230 35

98 298 226 354 plura
251 309 501 354 occurrunt,
534 306 611 349 sed
640 307 785 348 minus
812 305 1160 358 frequentantur.
1220 299 1377 352 Itaque
1411 301 1600 358 exempli

99 369 232 403 causa
246 359 336 406 haee
352 366 423 407 est
442 365 580 406 visum
600 364 874 419 adspergere.
933 359 1034 403 vid.
1057 359 1174 402 infra
1188 358 1245 400 ad
1263 357 1383 399 εὶδεῖν.

512 453 738 501 ΠΑΛΟΣ.
768 438 894 498 ‘via
917 449 1184 501 ΚΛΗΡΟΣ.

704 533 985 578 ΠΛΗΘΟΣ.

156 607 368 653 Isocrates
386 609 435 652 in
454 608 617 664 Paneg.
640 609 710 652 37.
741 612 931 650 τοσαύτας
949 608 994 649 τὸ
1012 606 1165 653 πλῆθος
1193 607 1366 663 τριήρεις.
1396 601 1599 662 Xenoph-

102 663 239 718 Mem.
260 669 292 710 i.
318 668 358 717 1,
385 666 448 708 14.
479 666 612 724 ἄπειρα
634 668 680 708 τὸ
697 666 850 711 πλῆθος
867 666 939 720 (ταὶ
965 665 1094 723 ’όν-ται).
1154 664 1242 714 Qui
1275 669 1499 719 utcunque
1526 676 1601 706 ex-

100 723 284 774 istimat,
303 729 490 778 utroque
506 726 600 767 loco
639 724 682 766 τὸ
715 733 786 766 vx.
817 737 1187 779 supervacaneum
1219 723 1395 770 habeat,
1425 725 1473 768 et
1503 723 1600 766 sine

101 781 270 824 ratione
289 782 523 836 adJectum.
583 781 700 824 Nam
721 787 902 824 τοσαῦται
933 782 1026 836 jam
1057 795 1136 837 per
1164 794 1209 822 se
1228 785 1328 822 sunt
1358 785 1421 822 tot
1453 791 1603 828 naves,

99 838 190 880 sive
214 845 301 882 tam
328 839 483 888 muhae,
519 854 661 894 neque
677 841 880 892 cuiquam
913 839 1050 881 videri
1069 841 1215 895 potest
1247 838 1521 891 ambiguum,
1551 836 1605 878 de

101 907 292 947 numero,
321 910 379 939 an
398 899 451 939 de
469 898 627 947 forma,
657 898 957 951 magnitudine
975 898 1116 940 aliave
1146 910 1211 945 re,
1242 908 1330 949 qua
1363 896 1447 937 illae
1472 906 1606 936 naves

97 952 275 997 differre
304 957 494 1009 possint,
527 956 809 1009 cogitandum
839 956 912 996 sit.
972 954 1106 999 Quod
1139 958 1285 996 autem
1315 952 1372 995 ad
1402 951 1604 1006 Xenoph.

98 1009 242 1053 locum
270 1013 446 1063 attinet,
482 1011 627 1069 ἄπειρον
657 1011 826 1055 omnino
845 1017 912 1054 est
939 1011 1192 1068 infinitum;
1219 1023 1325 1109 ergo
1343 1015 1437 1055 tam
1463 1007 1606 1066 spatio

99 1079 234 1120 quam
245 1081 429 1115 numero.
491 1068 608 1118 Quia
625 1084 730 1113 vero
749 1071 987 1125 opponitur
1017 1071 1051 1111 ἓν
1081 1072 1189 1119 μόνον
1209 1068 1254 1110 τὸ
1293 1086 1324 1117 ν,
1352 1071 1397 1110 et
1424 1069 1531 1120 quia
1561 1068 1609 1108 in

102 1123 263 1169 AEliani
298 1126 351 1169 V.
383 1127 444 1169 H.
479 1128 538 1169 iv.
571 1127 643 1170 29.
687 1127 829 1183 ἄπειροί
865 1146 957 1169 τινες
991 1129 1121 1177 κόσμοι
1150 1123 1478 1168 innumerabiles
1505 1128 1610 1167 sunt

99 1183 269 1232 mundi,
279 1189 329 1227 ut
344 1183 605 1227 Perizonius
625 1187 827 1241 opposito
839 1191 884 1232 et
901 1187 1001 1231 aliis
1011 1186 1223 1240 exemplis
1239 1185 1414 1240 probat,
1434 1194 1612 1224 numero

103 1242 210 1284 item
235 1240 412 1296 infinita
432 1256 518 1284 non
539 1244 842 1296 magnitudine
877 1244 1064 1296 intelligi
1092 1244 1263 1290 debere,
1297 1243 1490 1296 apparet.
1550 1239 1613 1282 At

101 1297 306 1341 Isocratis
327 1301 467 1342 locum
486 1302 724 1354 pleonasmi
740 1301 934 1354 gravitas
953 1304 1107 1342 ornat:
1140 1300 1258 1356 apud
1276 1297 1614 1355 Xenophontem

101 1358 266 1399 aceedit
284 1361 465 1400 ornatus
485 1358 618 1399 etiam
637 1360 684 1399 in
703 1359 991 1413 oppositione.

543 1464 726 1509 ΦΡΗΝ.
787 1464 890 1508 vid.
921 1461 1160 1507 ΘΥΜΟΣ.

798 1573 945 1622 XEIP

109 1655 438 1710 mun-antiquae
467 1657 760 1712 simplicitatis
802 1661 869 1699 est
912 1657 959 1698 in
991 1656 1089 1698 loco
1122 1655 1352 1712 Sophoclis
1382 1656 1456 1711 Aj.
1502 1652 1619 1704 670?

109 1711 250 1755 Totus
265 1714 386 1756 locus
405 1715 468 1756 Sic
488 1715 644 1756 habet:
672 1713 783 1763 Ἐγὼ
800 1714 876 1770 «γὰρ
905 1714 948 1763 ἒξ
980 1714 1022 1756 οὗ
1042 1714 1142 1771 χειρὶ
1170 1716 1273 1756 τοῦτ’
1296 1713 1492 1765 ἐδεξάμην
1511 1712 1616 1771 Παξ
1651 1740 1654 1742 -

105 1769 294 1826 Ἐκωρος
326 1771 484 1829 &poma
512 1772 829 1822 δυσμενεστάτου,
869 1769 1000 1813 Οὔπω
1043 1771 1083 1812 τὶ
1126 1770 1247 1815 κεδνὸν
1280 1772 1396 1825 ἔσχον
1431 1769 1620 1827 Ἀργείων

110 1830 231 1884 πάρα.
307 1828 531 1878 Quantum
562 1845 587 1872 e
620 1831 775 1883 copiis,
806 1829 965 1883 quibus
991 1830 1086 1882 Jam
1106 1832 1224 1878 utor,
1243 1829 1494 1872 existimare
1517 1842 1624 1897 pos-

111 1898 227 1934 sum,
249 1887 393 1940 prima
411 1889 546 1929 verba
566 1889 631 1929 ita
650 1888 848 1941 capiunt,
878 1889 929 1928 ut
956 1886 1044 1943 χεὶρ
1074 1889 1133 1930 sit
1162 1888 1271 1941 ejus,
1301 1887 1377 1938 qui
1407 1886 1622 1941 loquitur,

53 1979 60 1985 .
113 1942 278 1996 Aiacis,
307 1946 648 1998 vertendumque
678 1946 762 1986 sit:
796 1941 910 1989 Nam
937 1957 992 1987 εει·
1012 1956 1093 2000 quo
1115 1950 1297 2000 tempore
1324 1956 1456 1986 manu
1486 1943 1623 2000 (mea)

114 1999 192 2042 hoc
220 1999 380 2043 donum
413 2002 558 2059 accepi
576 2002 629 2043 ab
658 2001 841 2046 Hectore
873 2004 954 2042 ete.
1026 2000 1115 2041 Sed
1142 2013 1224 2054 ego
1254 2001 1332 2042 illa
1370 2002 1434 2049 sio
1472 2002 1626 2048 malim

112 2060 310 2102 consinii
328 2072 339 2099 t
375 2090 385 2100 .
409 2092 419 2100 .
443 2091 453 2100 .
478 2092 488 2101 .
512 2058 605 2109 ἐδεξ.
626 2059 660 2100 δ.
683 2059 790 2114 παρὰ
810 2058 909 2115 χειρὶ
931 2056 1055 2099 ‘'Exr.
1079 2057 1230 2107 δυο-μεν.
1245 2062 1328 2100 etc.
1349 2062 1401 2100 ut
1417 2058 1521 2118 χειρὶ
1541 2089 1551 2099 .
1578 2089 1589 2102 .
1610 2090 1624 2102 .

115 2117 205 2172 πάρ’
238 2114 323 2168 (ita
355 2118 472 2159 enim
504 2121 706 2159 accentus
735 2118 841 2172 poni
875 2115 1002 2157 debet
1030 2117 1289 2159 auctoritate
1319 2117 1628 2169 grammatico-

111 2173 229 2228 rum)
244 2174 302 2215 sit
319 2188 344 2215 e
368 2188 518 2224 manu,
542 2188 674 2231 penes
701 2187 843 2232 quam,
864 2187 898 2215 s.
927 2172 978 2214 in
997 2186 1083 2230 qua
1110 2177 1206 2216 erat
1225 2175 1299 2215 ille
1317 2174 1491 2227 gladius
1512 2172 1630 2219 Hee-

117 2232 243 2272 toris.
305 2230 379 2274 Sic
397 2237 500 2287 apte
520 2233 634 2274 inter
654 2246 700 2274 se
715 2233 963 2274 referuntur
987 2230 1087 2286 χειρὶ
1122 2233 1211 2286 πάρ’
1236 2230 1426 2286 ’Έκτορος
1460 2235 1506 2273 et
1531 2231 1630 2288 ’Ap'-

116 2289 225 2336 7slm
258 2289 379 2344 πάρα.
452 2289 521 2332 Ita
557 2303 661 2332 sane
695 2289 888 2342 Scaliger
918 2289 1088 2330 videtur
1126 2288 1431 2336 intellexisse;
1474 2293 1623 2331 reete:

118 2346 249 2387 vertit
284 2348 426 2387 enim:
471 2363 526 2390 esc
553 2362 635 2404 quo
671 2353 937 2389 muneratum
978 2352 1161 2402 tempore
1199 2359 1280 2401 ego
1318 2344 1430 2388 illud
1466 2344 1632 2390 hostica

118 2401 316 2445 Hectoris
335 2403 429 2460 cepi
445 2419 587 2447 manu.
646 2404 765 2446 Nam
794 2404 1000 2446 insolenti
1022 2403 1306 2458 simplicitate
1323 2402 1508 2457 δέχεσθαι
1527 2404 1631 2460 χειρὶ

119 2459 307 2503 dicatur.
387 2461 473 2507 Sed
512 2467 660 2504 tamen
703 2462 964 2504 contendere
1004 2473 1092 2502 non
1129 2461 1288 2510 audeo,
1328 2460 1554 2515 nusquam'
1584 2462 1632 2504 id

120 2529 360 2560 occurrere.
418 2519 702 2562 Simillimum
722 2525 841 2562 certe
873 2519 1010 2561 estin
1039 2517 1222 2562 Philoct.
1244 2532 1283 2560 v.
1305 2517 1401 2563 663.
1442 2518 1631 2575 βαστάζω

121 2590 262 2630 χερσιν.

777 2650 976 2694 ΦΩΝΗ.

184 2738 293 2782 Cum
314 2754 393 2795 per
413 2755 460 2784 se
479 2745 524 2783 et
544 2742 741 2787 absolute
760 2743 966 2797 ἑλληνίζειν
981 2742 1040 2783 sit
1066 2740 1214 2784 Graeca
1232 2739 1389 2800 lingua
1405 2742 1493 2792 uti,
1522 2744 1639 2786 sieut

124 2799 367 2853 βαρβαρίζειν
414 2798 609 2847 barbara,
651 2799 836 2856 θωμάζειν
878 2797 1039 2842 Dorica
1074 2798 1232 2855 lingua
1277 2799 1422 2857 loqui.-
1468 2801 1640 2855 adjecto
1684 2811 1688 2815 ’

129 2856 307 2898 nomine
336 2861 388 2912 τῇ
409 2861 514 2913 φωνῇ
543 2857 718 2899 exsistit
754 2858 1050 2911 pleonasmus.
1110 2856 1207 2899 Hoc
1241 2855 1470 2900 AEschines
1499 2859 1643 2900 utitur

128 2923 193 2952 or.
213 2925 249 2954 e.
271 2912 468 2969 Ctesiph.
490 2929 528 2957 c.
557 2914 628 2956 34.
657 2916 732 2957 ubi
760 2914 1075 2956 Demosthenes
1109 2915 1272 2957 dicitur
1302 2917 1355 2956 ταὶ
1388 2916 1466 2958 ἀπὸ
1495 2915 1645 2971 μητρὸς

133 2967 271 3011 fuisse
314 2970 489 3022 Σκύθης,
523 2973 716 3028 βάρβαρος
746 2972 950 3027 ἑλληνίζων
992 2976 1045 3029 τῇ
1084 2977 1205 3030 φωνῇ,
1245 2971 1415 3054 ragione
1451 2980 1651 3019 mater'nae

1346 3045 1375 3072 n
1399 3036 1418 3065 2
