1838 3164
579 180 641 219 IN
668 179 872 221 GRAECA
898 181 1124 222 LINGUA.
1525 169 1604 220 149

101 292 206 330 sunt
234 290 319 334 illae
336 292 515 346 quidem
533 306 661 342 verse,
681 294 773 342 sed,
805 295 890 336 nisi
903 294 1025 347 ‚iusta
1043 294 1281 349 explicatio
1309 295 1502 345 accedat,
1523 309 1607 338 eae-

101 345 218 396 dem,
238 348 285 390 id
305 352 424 406 quod
447 352 615 394 factum
649 355 731 398 est,
754 352 967 405 plurimos
999 353 1183 405 gignant
1220 355 1264 392 et
1295 356 1506 395 maximos
1538 368 1608 396 er-

100 416 219 448 rores
246 419 418 450 necesse
446 412 522 451 est.
581 406 668 455 Qui
703 409 876 462 ellipsin
907 412 1038 463 atque
1064 410 1369 463 pleonasmum
1394 412 1441 451 in
1475 413 1606 454 omis-

101 461 224 511 sione
260 465 380 508 verbi
415 466 650 512 necessarii
673 471 725 511 ‚et
758 467 1003 520 adjectione
1029 480 1117 508 non
1151 469 1386 510 necessarii
1415 474 1606 523 ponunt,

102 523 394 564 necessarium
412 524 507 564 fere
525 524 667 565 solent
699 523 744 564 id
763 537 932 572 vocare,
962 525 1078 577 quod
1098 537 1153 566 an
1175 526 1476 578 integritatem
1509 541 1607 569 ora·
1621 515 1699 560 101

101 577 239 630 tionis
256 581 505 633 requiritur.
565 580 625 622 At
646 582 735 622 haec
750 581 850 636 ipsa
870 582 1083 624 orationis
1116 584 1349 636 integritas
1373 585 1460 625 nisi
1480 597 1608 627 accu-

101 637 243 687 ratius
262 638 507 690 definiatur,
526 638 637 680 nihil
661 639 809 687 habet,
829 653 914 693 quo
931 642 1032 694 quis
1052 644 1167 682 recte
1187 642 1252 682 uti
1273 643 1426 695 possit.
1488 642 1608 686 Nam

104 694 311 736 etlbrevis
329 697 502 749 integra
519 701 584 738 est
605 699 763 745 oratio,
785 703 829 740 et
849 699 1043 752 copiosa,
1079 711 1156 740 nec
1176 700 1334 752 magis,
1368 701 1443 752 qui
1465 701 1610 743 brevi-

100 753 252 802 tatirjn
270 755 454 798 dicendo
474 755 635 801 studet,
656 757 898 809 quidquam
917 756 1101 802 omittit,
1130 769 1264 810 quam
1285 758 1502 811 superflua
1532 760 1614 800 ad-

98 812 268 865 jungit,
286 815 362 866 qui
383 813 550 868 copian-
590 811 717 859 Quod
740 815 775 855 si
796 815 896 868 quis
928 815 1142 866 integram
1173 815 1417 856 orationem
1449 818 1624 857 vocan-‘

100 868 203 918 dam
220 875 416 912 censeret
440 885 552 923 eam,
572 885 670 924 quae
690 885 769 927 pro
787 873 973 914 consilio
992 873 1104 926 ejus,
1141 874 1217 926 qui
1250 874 1503 926 loqueretur
1530 878 1615 916 aut

100 928 323 976 scriberet,
344 942 460 972 nunc
479 931 693 972 concisior
722 934 853 978 esset,
889 943 1003 972 nunc
1031 931 1306 984 explicatior,
1340 931 1378 972 is
1409 931 1613 985 pleonas-
1638 932 1642 938 '

102 995 223 1026 mum
257 990 357 1027 ‘cum
390 989 535 1041 copia,
571 989 745 1042 ellipsin
785 1001 884 1030 cum
918 989 1134 1030 brevitate
1165 988 1465 1035 confunderet.
1544 988 1615 1032 Ac

102 1043 233 1090 multi
273 1043 386 1085 hunc
435 1058 625 1087 errorem
673 1045 961 1094 admiserunt,
1001 1047 1194 1087 maxime
1242 1047 1289 1087 in
1336 1048 1609 1100 pleonasmo,

102 1111 253 1152 quum.
275 1101 498 1143 abundare
527 1103 766 1154 crederent,
795 1118 894 1156 quae
925 1105 972 1144 in
1000 1104 1154 1145 iisdem
1190 1103 1362 1145 dicendi
1404 1103 1609 1145 formulis

102 1157 203 1199 aliis
223 1157 271 1199 in
290 1159 396 1200 locis
415 1162 580 1201 omissa
604 1164 766 1207 essent,
786 1174 875 1201 non
910 1165 1182 1215 reputantes,
1214 1174 1239 1201 e
1258 1161 1496 1209 contrario,
1532 1161 1624 1202 ubiv

103 1213 191 1256 ista
209 1217 359 1269 posita
372 1223 478 1259 sunt
498 1218 555 1258 ab
573 1219 771 1270 antiquis
807 1218 1106 1272 scriptoribus,
1137 1219 1432 1267 desideratum
1464 1219 1538 1266 iri,
1568 1219 1625 1260 si*

64 1273 67 1275 ’
102 1283 191 1319 non
211 1279 359 1316 essent
377 1275 522 1328 posita
544 1289 555 1322 ;
585 1275 663 1316 ubi
694 1279 841 1316 autem
867 1276 1046 1323 omissa,
1082 1277 1244 1316 omissa
1281 1276 1418 1317 fuisse
1436 1280 1616 1330 propte-

102 1341 195 1377 rea,
214 1331 333 1383 quod
353 1332 417 1373 ibi
438 1334 584 1386 posita
614 1332 836 1386 superflua
855 1333 1059 1374 fuissent.
1118 1332 1213 1374 Nec
1237 1345 1337 1374 raro
1355 1333 1472 1374 idem
1489 1346 1618 1374 error

101 1387 219 1433 circa
240 1388 427 1442 ellipsin
458 1389 698 1436 invenitur,
733 1402 822 1430 non
858 1390 1320 1437 animadvertentibus,
1350 1392 1427 1443 qui
1460 1391 1514 1431 de
1545 1391 1622 1432 his

102 1444 388 1499 scripserunt,
421 1447 467 1487 in
487 1447 686 1488 breviore
719 1446 887 1487 dicendi
908 1447 1038 1488 modo
1058 1447 1169 1488 nihil
1191 1460 1285 1488 esse
1307 1447 1627 1502 supplendum,

102 1503 210 1554 quia
236 1504 283 1544 in
303 1504 531 1558 ampliore,
564 1507 616 1545 ut
642 1517 820 1558 prorsus
851 1504 1038 1551 diverso,
1077 1505 1187 1546 nihil
1208 1508 1290 1556 est,
1320 1505 1439 1557 quod
1468 1505 1626 1546 omitti’

102 1560 259 1612 possit.
319 1558 499 1602 Clarum
514 1575 616 1603 vero
634 1565 714 1610 est,
742 1574 878 1614 quum
897 1562 950 1602 de
971 1562 1116 1616 ellipsi
1148 1566 1193 1603 et
1222 1563 1482 1616 pleonasmo
1499 1576 1617 1616 quae-

103 1616 233 1666 ritur,
251 1618 585 1672 integritatem,
620 1619 835 1660 orationis
859 1631 944 1659 non
957 1632 1088 1672 posse
1106 1620 1241 1660 aliam
1258 1621 1465 1673 intelligi,
1485 1632 1620 1676 quam

105 1677 456 1727 grammaticam,
487 1690 584 1729 quae
614 1677 660 1716 in
699 1689 751 1717 eo
796 1679 863 1717 est
910 1677 1071 1729 posita,
1108 1681 1159 1718 ut
1207 1678 1352 1718 omnia
1398 1679 1627 1725 dicantur,

105 1745 203 1785 (μω
240 1735 342 1787 quis
372 1735 558 1787 cogitari
593 1734 711 1774 velit.
786 1732 941 1785 Itaque
975 1734 1012 1774 si
1041 1739 1159 1775 recte
1188 1734 1370 1775 definire
1398 1736 1621 1783 volumus,

106 1790 276 1844 ellipsis
294 1796 361 1834 est
381 1793 563 1833 omissio
592 1791 806 1838 vocabuli,
834 1791 952 1843 quod
972 1792 1055 1831 etsi
1077 1803 1163 1832 non
1183 1791 1368 1840 dictum,
1398 1794 1621 1846 cogitatur

104 1850 256 1890 tamen
279 1863 290 1896 ;
321 1851 601 1904 pleonasmus
622 1854 771 1891 autem
788 1849 978 1903 adjectio
999 1849 1216 1899 vocabuli,
1246 1851 1364 1903 quod
1384 1852 1467 1892 etsi
1493 1836 1712 1892 addi-¹102

104 1909 387 1954 tum,.tamen
427 1922 512 1950 non
540 1909 772 1961 cogitatur.
833 1907 921 1948 Sed
939 1920 1007 1948 *ne
1039 1907 1104 1949 hae
1135 1907 1312 1959 quidem
1343 1908 1620 1950 definitiones

38 1984 44 1989 ·
104 1964 347 2018 quidquam
376 1966 587 2008 utilitatis
624 1966 801 2016 habent,
840 1965 926 2006 nisi
962 1965 1234 2012 ostendatur,
1269 1966 1399 2019 quale
1430 1967 1490 2007 sit
1517 1966 1617 2015 hoc,

107 2023 186 2062 aut
214 2023 354 2076 possit
391 2037 502 2072 esse,
530 2024 643 2077 quod
681 2036 767 2064 non
798 2022 962 2064 dictum
995 2023 1198 2074 cogitari,
1230 2027 1310 2064 aut
1335 2023 1500 2066 dictum
1532 2037 1622 2082 non

105 2081 293 2134 cogitari
314 2085 463 2134 queat.

563 2137 620 2180 II.
654 2137 774 2186 Quid
792 2151 878 2180 non
895 2136 954 2179 sit
969 2136 1159 2193 Euipszzs.

164 2226 401 2274 Ordiamur
418 2232 474 2273 ab
496 2231 657 2285 ellipsi.
719 2230 865 2284 Atque
886 2233 987 2272 ante
1009 2231 1157 2272 omnia
1178 2228 1423 2270 cavendum
1445 2231 1530 2277 est,
1565 2215 1623 2270 ne'

109 2290 277 2345 ellipsis
297 2290 590 2331 confundatur
610 2301 709 2329 cum
728 2289 898 2329 duobus
924 2289 1024 2328 aliis
1042 2287 1212 2328 dicendi
1245 2287 1403 2334 modis,
1432 2299 1623 2340 quorum

107 2348 156 2388 in
176 2348 313 2389 altero
337 2348 382 2388 id
412 2349 650 2393 omittitur,
673 2346 791 2398 quod
812 2359 835 2386 e
855 2345 1203 2399 praecedentibus
1239 2345 1307 2384 vel
1337 2344 1623 2397 sequentibus

108 2405 255 2447 verbis
275 2406 608 2459 intelligendum
628 2409 712 2459 est,
730 2404 777 2444 in
797 2404 935 2445 altero
954 2407 1134 2457 propter
1163 2402 1309 2443 varias
1329 2414 1508 2443 caussas
1542 2402 1624 2443 ali-

141 2457 218 2505 uid
235 2463 490 2504 inchoatum
509 2461 806 2516 abrumpitur,
827 2474 926 2514 quae
957 2461 1098 2513 figura
1125 2460 1396 2514 aposiopesis
1426 2462 1622 2509 vocatur.

109 2476 275 2574 {rimis
295 2521 470 2572 generis
489 2521 689 2573 exempla
709 2520 801 2560 haec
821 2524 951 2560 sunto
972 2531 982 2557 :
1007 2516 1071 2558 ⁷st
1105 2520 1247 2572 μῆτερ,
1267 2517 1362 2566 ,ἥτις
1383 2519 1425 2557 ἐκ,
1459 2534 1626 2572 τυραννι-

110 2571 187 2622 ὶῦύ
207 2576 330 2626 δόμων
348 2577 534 2618 Amnem
554 2575 659 2630 ἦμαρ
682 2574 787 2623 εἶδες,
807 2578 856 2616 ὡς
875 2576 1055 2630 πράσσεις
1083 2572 1437 2630 κακῶς,,”οσονπερ
1455 2572 1496 2614 εὖ
1514 2575 1628 2624 ποι-’β

111 2632 189 2684 ubi
210 2648 344 2688 quum
372 2634 608 2676 manifesto
639 2629 912 2686 intelligatur
944 2634 1139 2688 ἔπρασσες,
1176 2632 1263 2673 non
1292 2637 1442 2683 estea
1475 2636 1627 2680 tamen

108 2684 217 2745 ssvse'ra
245 2693 411 2747 ellipsis
445 2693 658 2746 putanda,
689 2692 795 2745 quia
824 2692 1047 2745 praecessit
1072 2690 1255 2731 verbum
1281 2691 1474 2744 πράσσεις.
1532 2688 1628 2731 Nec

111 2745 217 2802 V‘era
250 2751 416 2804 ellipsis
447 2754 513 2791 est
544 2750 589 2790 in
620 2749 785 2789 talibus
814 2749 946 2795 locis,
969 2752 1019 2789 ut
1052 2748 1100 2801 in
1131 2747 1212 2799 hoc
1239 2745 1446 2800 AEschyli,
1467 2747 1628 2800 Agam-

117 2794 243 2849 1393.
305 2806 424 2848 Παίω
446 2807 484 2848 δέ
505 2825 552 2847 νιν
572 2806 639 2847 δίς·
663 2810 731 2858 κᾴν
753 2805 847 2846 δυοῖν
868 2807 1105 2853 οἰμώγμασιν
1138 2802 1327 2848 Μεῗΐῆκεν
1358 2805 1477 2846 ἀὐτοῦ
1501 2809 1625 2845 κῶλα·

112 2865 178 2910 καὶ
196 2864 421 2907 πέπτωκότι
440 2862 586 2920 Τρίτην
607 2863 842 2912 ἐπενδίδωμι.
899 2861 1029 2904 Latet
1047 2863 1164 2904 enim
1197 2875 1357 2913 nomen
1387 2863 1548 2911 ωλῆγῆν
1578 2863 1629 2903 in

114 2920 250 2965 verbo
275 2925 397 2963 παίω.
459 2921 516 2964 Et
536 2921 832 2975 ιιὶιίιεεᾳιιίωι·
846 2922 1047 2967 verbum,
1084 2924 1135 2961 ut
1171 2921 1217 2961 in
1251 2920 1402 2975 eadem
1434 2918 1627 2973 AEschyli

113 2980 269 3035 fabula,
285 2993 323 3022 v.
343 2979 441 3022 579.
474 2974 476 2977 ¹
498 2976 553 3022 Τι’
577 2977 663 3021 τοὺς
683 2978 949 3035 &amsans
972 2981 1007 3020 ἐν
1029 2978 1152 3034 ψήφῳ
1172 2980 1308 3028 λέγειν,
1338 2976 1415 3020 Τὸν
1449 2977 1576 3040 {cline}
1594 2976 1725 3035 &103
