1838 3164
153 129 199 171 iv
571 128 861 171 PRAEFATIO
889 126 1246 172 SCHWEBELII.

166 251 331 306 ubique
363 250 623 306 perspicere,
654 252 889 306 eademque
926 252 983 293 ad
1013 251 1133 294 sedes
1163 247 1291 303 quasi
1320 258 1421 288 suas
1451 247 1495 286 et
1525 244 1674 309 fontes

166 322 369 351 revocare
388 309 592 357 valeant;
622 324 721 352 cum
756 311 890 351 etiam
910 310 1026 351 viros
1060 310 1107 350 in
1136 309 1218 349 hac
1243 308 1396 358 lingua
1428 305 1675 367 ceteroquin

169 367 554 408 exercitatissimos
576 369 860 424 reperiamus,
889 368 964 420 qui
998 368 1044 416 in
1073 369 1265 408 veterum
1290 362 1674 424 monumentiseir-

171 425 388 479 plicandis
422 424 478 464 ad
514 424 728 477 ejusmodi
767 426 969 480 scopulos
998 437 1112 479 saepe
1145 421 1434 464 offenderunt.
1475 418 1678 469 longlssl-

174 492 326 534 meque
361 481 464 522 hinc
483 493 510 520 a
531 494 633 524 vero
658 484 882 524 verborum
917 495 1043 523 sensu
1079 483 1353 522 aberrarunt.
1412 474 1539 517 Unde
1573 485 1678 539 sane

174 542 243 580 tot
271 539 393 579 falsae
423 541 554 590 atque
582 541 732 582 inanes
756 542 802 581 in
823 540 1068 595 depravatis
1087 539 1194 580 locis
1212 534 1493 579 restituendis
1512 542 1677 596 conjec-

177 600 315 642 turae;
345 599 411 637 tot
445 599 588 638 textus
624 599 950 651 corruptiones3
981 600 1049 638 tot
1082 597 1250 650 glossae,
1281 595 1507 635 auctorum
1537 588 1680 630 verbis

178 657 346 694 temere
364 653 554 702 insertae,
586 656 801 709 originem
818 659 1064 698 traxerunt.
1093 678 1094 681 =
1123 653 1188 695 Ut
1211 665 1269 694 ne
1288 663 1392 695 vero
1416 646 1701 710 auctoritate-

177 714 330 752 nostra
360 709 440 752 hac
474 711 520 751 in
543 725 590 753 re
608 713 690 755 niti
711 711 952 761 videamur,
982 710 1149 766 aliquot
1181 711 1336 752 saltem
1368 705 1567 759 exempla
1587 716 1681 745 eru-

177 768 288 810 ditis
306 768 413 809 viris
433 767 597 808 dudum
616 771 861 815 observata,
894 780 980 809 non
1016 769 1212 808 abstrusa
1245 766 1422 817 quidem
1448 763 1525 803 illa
1554 765 1599 802 et
1617 774 1682 802 re-

177 821 373 871 condita,
404 823 481 864 sed
510 826 654 866 ubivis
684 824 775 876 fere
805 826 935 873 obvia
965 828 1097 879 atque
1124 825 1397 879 pervulgata,
1425 821 1471 861 in
1492 819 1682 860 medium

177 880 472 935 proferemus:
505 883 552 922 in
572 883 731 935 quibus
750 895 835 923 non
856 885 1036 929 tirones,
1068 883 1143 923 sed
1171 883 1254 923 viri
1276 883 1321 922 in
1341 879 1497 921 Graeca
1516 877 1684 918 littera-

179 942 296 985 tura,
336 939 529 979 omnium
559 940 742 992 judicio,
787 940 917 981 facile
954 941 1174 994 principes
1217 941 1261 979 in
1293 950 1457 979 errores
1490 934 1684 992 prolapsi

118 1028 122 1030 .
177 996 374 1037 fuerunt.
434 994 806 1049 Frequentissima
828 999 871 1038 in
892 1002 1087 1040 veterum
1120 997 1296 1051 scriptis
1321 999 1388 1039 est
1407 994 1687 1048 ellipsisvers·

180 1053 338 1095 borum
357 1053 460 1103 ἰέναι,
489 1056 660 1095 cimirun:
693 1067 833 1107 neque
852 1061 1011 1097 tamen·
1032 1056 1172 1100 secius
1208 1054 1510 1096 ἑλληηκώτατος
1530 1050 1687 1103 Κυθίίε-Δ

182 1123 259 1161 rus
278 1109 325 1150 in
346 1110 433 1151 illis
454 1108 761 1165 Aristophanis
782 1110 894 1154 Ran.
917 1127 957 1154 v.
986 1111 1106 1153 1312.
1135 1109 1244 1158 Ἐγὼ
1266 1110 1338 1159 μὲν·
1356 1107 1415 1150 οὖν
1435 1113 1472 1148 ἒς
1492 1107 1537 1147 τὶ
1558 1110 1689 1154 Υβαλα-

183 1169 272 1210 νεῖον
292 1169 500 1215 βούλομαι,
529 1168 720 1220 glossam
745 1169 929 1221 librarii,
958 1167 1157 1215 ἀπελθεῖν,
1189 1181 1267 1209 suo
1285 1167 1470 1210 adsensu
1493 1176 1690 1217 compr-o-

181 1223 288 1271 bare
309 1236 396 1264 non
416 1223 661 1266 dubitavit:
695 1226 739 1266 id
758 1227 875 1279 quod
890 1238 894 1242 ⁴
907 1239 959 1268 eo
994 1227 1134 1279 magis
1166 1226 1326 1267 mirum
1345 1223 1559 1269 videatur,
1578 1233 1689 1262 <cum

182 1292 263 1322 nos
285 1278 494 1322 Germani
523 1295 698 1335 quoque
724 1285 873 1324 eadem
903 1284 1049 1337 ellipsi
1069 1284 1212 1325 dicere
1234 1283 1476 1324 soleamus:
1508 1277 1577 1320 iola
1605 1276 1695 1322 will

184 1336 255 1380 ins
272 1335 386 1385 Bad,
421 1351 452 1379 s.
471 1338 619 1393 gehen.
679 1338 857 1393 Ubique
887 1344 1043 1394 regnat
1061 1340 1229 1394 ellipsis
1246 1341 1502 1394 vsu-spamam
1535 1335 1693 1378 nihilo-

185 1395 332 1436 minus
349 1397 498 1436 tamen
519 1394 778 1439 Benedictus
800 1399 876 1439 illa
895 1397 1078 1439 Luciani
1110 1398 1156 1439 in
1193 1396 1352 1444 Quom.
1381 1394 1595 1437 conscrib.
1612 1423 1615 1425 Α
1631 1393 1693 1435 sit

187 1452 344 1494 histor.
375 1466 413 1493 c.
433 1451 503 1494 50.
535 1452 579 1497 ἢν
613 1457 842 1511 κατεπείγῃ,
865 1459 1079 1496 verterat:
1111 1454 1152 1497 si
1169 1453 1367 1510 festinet,
1398 1466 1495 1495 cum
1514 1450 1692 1494 reddere

188 1509 436 1550 debuisset:
469 1507 510 1550 si
537 1523 601 1552 res
630 1518 796 1567 urgeat.
858 1511 931 1554 Sic
961 1513 1077 1567 apud
1108 1513 1308 1554 eumdem
1339 1513 1384 1552 in
1417 1508 1692 1562 Philopseud.

187 1580 227 1608 c.
256 1565 320 1607 14.
344 1566 436 1614 illa,
470 1569 504 1607 ἐν
526 1565 740 1616 Γλαυκίου,
761 1570 856 1612 sub.
880 1570 980 1625 οἴκῳ,
1001 1583 1230 1624 perperam
1252 1568 1466 1611 reddidit:
1499 1566 1548 1608 in
1563 1564 1695 1622 Glau5

189 1621 276 1670 cia,
307 1636 387 1678 pro
422 1623 541 1680 apud
574 1623 811 1674 Glauciam,
846 1628 913 1669 vel
935 1627 983 1669 z'n
1004 1625 1193 1669 Glauciae
1214 1626 1349 1669 domo.
1409 1623 1525 1672 Quid
1545 1625 1696 1676 vulga-

187 1682 277 1721 tius
311 1680 453 1735 ellipsi
484 1694 525 1722 v.
560 1685 721 1725 {am-dv?
748 1684 886 1726 nihilo
920 1686 1063 1726 minus
1096 1689 1243 1726 tamen
1273 1683 1459 1729 Budaeus
1491 1685 1535 1724 et
1555 1679 1694 1723 Hem».

188 1735 456 1792 Stephanus,
486 1744 653 1792 quanta
674 1742 718 1782 in
740 1740 894 1783 Graeca
920 1743 1169 1784 litteratura
1190 1741 1396 1783 nomina!
1427 1739 1545 1793 apud
1562 1738 1697 1783 Athe-

189 1809 334 1838 naeum
355 1796 431 1836 lib.
450 1797 547 1837 xiii.
570 1810 615 1851 p.
639 1796 734 1840 603.
767 1800 983 1841 ἀνακλάσας
1003 1813 1098 1841 esse
1127 1813 1208 1854 pro
1242 1796 1512 1844 ἀνακλασὲεὶς,
1542 1801 1587 1838 et
1606 1799 1696 1837 dva-

190 1862 290 1908 κλᾷν
308 1854 354 1894 in
374 1855 553 1907 passiva
565 1855 885 1906 significatione
906 1870 1234 1910 nonnumquam
1253 1856 1393 1909 accipi
1413 1856 1696 1896 censuerunt:

192 1925 292 1955 cum
311 1913 367 1952 sit
391 1912 539 1965 potius
570 1913 736 1966 ellipsis
756 1926 910 1955 vocum
943 1915 1040 1969 πρὸς
1074 1914 1222 1962 ἑαυτὸν,
1252 1918 1303 1955 ut
1322 1912 1458 1954 variis
1487 1910 1701 1965 exemplis

193 1968 496 2022 comprobavit
517 1965 747 2021 Berglerus
766 1971 821 2011 ad
839 1970 1121 2026 Alciphronis
1140 1972 1219 2015 lib.
1242 1972 1271 2011 i.
1291 1984 1360 2024 ep.
1382 1968 1454 2010 28.
1477 1968 1553 2010 Sic
1578 1967 1700 2021 apud

194 2024 445 2068 Philostrat.
461 2026 514 2066 de
534 2027 613 2067 vit.
634 2026 835 2080 Apollon.
868 2028 942 2069 lib.
967 2029 995 2069 i.
1015 2042 1052 2069 c.
1078 2027 1116 2068 7.
1148 2027 1325 2071 δεδώκασι
1351 2024 1700 2072 male-Morellus

193 2084 383 2125 mutavit
402 2082 448 2123 in
468 2081 610 2134 ἐ’δοξαν,
638 2097 737 2125 cum
766 2085 990 2126 subaudiri
1018 2086 1176 2132 debeat
1203 2087 1374 2126 ἑαυτούς.
1431 2081 1526 2124 Nec
1556 2083 1702 2123 minus

196 2140 315 2194 apud
334 2139 533 2181 eumdem
554 2141 608 2185 de
630 2142 708 2182 vit.
731 2140 923 2195 Sophist.
945 2143 1022 2183 lib.
1046 2143 1092 2183 ii.
1113 2141 1158 2183 2.
1178 2144 1344 2196 μυρίαις,
1366 2140 1465 2182 sub.
1487 2139 1703 2194 δραχμαῖς,

195 2197 281 2239 viri
302 2197 481 2250 quidam
515 2198 676 2239 eruditi
706 2211 934 2254 perperam
966 2201 1011 2240 in
1046 2201 1187 2255 κυρίαις
1220 2202 1390 2239 mutare
1417 2197 1569 2238 conati·
1584 2200 1702 2238 sunt.

194 2252 295 2309 Ipse
315 2255 369 2297 cl.
393 2252 548 2295 Bosius
576 2255 780 2304 affirmat,
810 2257 923 2300 inter
942 2257 1076 2298 verba
1111 2255 1463 2303 Graeca5nullum
1495 2253 1702 2301 inveniri,

197 2311 314 2364 quod
352 2311 626 2364 frequentius
661 2325 742 2366 per
779 2314 955 2368 ellipsin
995 2315 1241 2362 omittatur,
1275 2325 1409 2366 quam
1437 2324 1478 2352 v.
1513 2308 1627 2353 εἶναιε
1658 2315 1705 2352 et

196 2375 345 2418 tamen
366 2369 448 2409 viri
470 2380 556 2408 non
585 2369 859 2414 mediocriter,
874 2371 1050 2419 eruditi,
1081 2370 1219 2412 Faber
1253 2374 1313 2419 et
1332 2368 1596 2415 Schefferus‚
1624 2368 1706 2416 illa

197 2425 364 2468 AEliani
386 2424 488 2466 Var.
514 2424 632 2466 Hist.
651 2427 729 2468 lib.
752 2427 798 2469 ii.
820 2442 858 2469 c.
879 2428 950 2470 25.
985 2427 1068 2469 Καὶ
1090 2431 1312 2476 ὁμολογοῦσι
1343 2430 1411 2467 τοῦ
1444 2430 1561 2467 αὐτοῦ
1589 2424 1707 2474 μηνὸς

197 2483 347 2530 πάντα,
379 2482 611 2523 sollicitare
646 2485 792 2525 conati
823 2485 1016 2529 fuerunt.
1076 2484 1187 2533 Quis
1205 2485 1395 2537 denique
1428 2484 1583 2532 nescit,
1612 2487 1706 2526 tam

200 2538 392 2586 Graecos,
420 2551 551 2592 quam
582 2538 763 2582 Latinos
792 2543 938 2585 tertiis
957 2544 1156 2597 personis
1174 2543 1408 2584 verborum
1433 2542 1593 2595 saepius
1621 2540 1706 2589 uti,

199 2609 435 2652 suppresso
468 2597 661 2646 nomine,
691 2599 808 2651 quod
841 2601 898 2642 ad
934 2601 1198 2655 explendum
1234 2612 1409 2640 sensum
1436 2597 1708 2652 requiritur-‚¹2

200 2655 382 2696 fuerunt
402 2657 550 2695 tamen
571 2656 651 2696 viri
672 2657 847 2705 eruditi,
865 2658 942 2710 qui
962 2658 1202 2712 ellipticam
1220 2657 1332 2697 hanc
1347 2656 1552 2709 loquendi
1574 2654 1709 2697 ratio-

203 2724 320 2761 nem,
352 2724 391 2751 e.
415 2724 458 2763 g.
493 2709 655 2753 Matth.
674 2725 715 2755 v.
745 2713 811 2762 ll,
851 2714 913 2755 15.
944 2719 989 2756 et
1019 2716 1144 2763 alibi,
1174 2713 1513 2768 proEbraismo
1541 2712 1707 2754 'temere

203 2768 481 2810 habuerunt:
512 2782 610 2810 cum
645 2771 906 2813 creberrima
939 2773 1015 2814 illa
1047 2773 1215 2827 ellipsis
1252 2785 1293 2814 v,
1323 2769 1618 2826 bingmtm-eos
1652 2770 1709 2812 ab

204 2838 351 2877 errore
382 2825 463 2866 hoc
492 2827 605 2867 tueri
639 2829 868 2882 potuisset.
927 2829 1021 2872 Nec
1050 2844 1152 2872 vero
1182 2830 1358 2879 mirum,
1386 2828 1431 2869 id
1462 2830 1509 2870 in
1543 2826 1710 2869 Graecis

203 2883 430 2930 accidisse,
460 2896 559 2924 cum
597 2886 790 2938 ejusdem
823 2886 941 2928 vocis
977 2887 1142 2942 ellipsis
1174 2886 1293 2941 apud
1323 2885 1506 2928 Latinos
1536 2897 1712 2938 quoque

201 2941 364 2985 multos
403 2940 449 2983 in
496 2954 685 2986 errorem
722 2944 976 2997 induxerit3
1019 2946 1087 2992 uti
1127 2944 1406 2992 Burmannus
1441 2944 1498 2988 ad.
1534 2941 1708 2990 Phaedr.
