1838 3164
448 144 451 146 ’
555 149 890 206 rmoNAsm'
903 159 1252 207 vnanomJM:
1586 157 1653 202 81¹

134 265 254 333 quod
273 280 358 312 non
378 283 467 314 una
484 271 538 315 de
556 287 689 318 eausa
715 276 1034 332 repudiandum
1051 280 1134 320 est.
1192 275 1382 332 Tayloro
1398 278 1641 340 praeeunte,

134 334 209 387 qul
230 325 352 376 dicit,
385 330 686 386 accipiendum
709 347 802 376 esse
822 334 888 377 ‘de
917 349 1058 379 rerum
1080 334 1319 377 inversione
1337 340 1379 376 et
1407 339 1645 376 mutatione

136 391 187 422 in
204 385 461 429 contrariam
479 396 661 444 partem,
690 389 887 434 Zeunius
906 395 1065 436 statuit
1093 393 1313 435 commode
1347 393 1458 434 verti
1479 392 1644 444 ubique

135 450 266 492 posse
293 450 451 487 contra.
509 445 596 489 Sed
625 448 707 491 hoo
739 463 819 492 nec
850 451 984 494 verbo
1018 451 1100 506 ipsi
1135 464 1214 494 nec
1235 450 1316 492 ulli
1335 450 1521 491 fortasse
1549 449 1644 489 loco

134 502 351 542 convenit.
410 500 724 558 copiosissime
742 512 890 549 autem
924 512 969 550 et
996 509 1161 564 optime
1195 506 1556 551 Hemsterhusius
1588 504 1648 546 ad

137 549 320 599 lanciani
338 559 439 601 dial.
475 566 603 604 mort.
624 565 684 605 vi.
706 563 745 606 3.
784 565 838 606 de
856 578 908 606 eo
926 567 1039 619 agit,
1074 570 1121 608 et
1138 566 1235 618 ejus
1265 565 1429 607 rationi
1464 574 1646 619 prorsus

137 615 377 658 assentitur
404 615 603 661 Dorville
636 622 692 662 ad
732 620 901 664 Charit.
935 624 996 664 vi.
1033 622 1078 665 2.
1156 623 1243 665 Sed
1280 623 1376 664 loca
1413 621 1647 684 proposita

136 673 333 722 quemvis
353 686 440 716 non
458 676 589 729 plane
608 678 808 720 hebetem
824 680 977 722 docere
995 684 1196 736 possunt,
1216 693 1265 722 eo
1283 686 1441 722 certum
1460 677 1647 721 actionis

133 729 403 783 avsequendae
420 732 642 775 consilium
662 743 703 777 et
716 736 989 793 perspicuum
1002 737 1190 780 studium
1200 738 1456 791 significari,
1469 741 1513 778 et
1532 735 1646 778 verti

134 787 358 848 ¹³5²anoe
380 802 522 844 posse,
559 793 675 834 omni
703 793 864 844 studim
902 808 996 838 cum
1023 794 1305 844 contentione,
1335 796 1401 837 vel
1430 792 1592 837 sedulo‘
1607 797 1650 834 et

137 837 378 906 diligenter.
438 847 522 889 Sed
544 850 715 893 difficile
736 857 802 894 est
833 853 948 895 hune
978 867 1107 895 usum
1140 855 1322 907 ejusque
1347 853 1563 895 rationem
1593 863 1648 891 ex

118 909 238 957 lesa
254 903 375 944 verbi
397 905 718 958 significatione
739 922 966 953 arcessere.
1026 909 1359 958 Yerumtamen,
1380 911 1468 951 nisi
1486 910 1545 951 ab
1563 909 1645 950 ali-

136 966 225 1008 quo
243 957 364 1001 facto
383 963 509 1004 nobis
530 965 698 1018 ignoto,
720 968 835 1010 sieut
856 970 902 1009 in
930 969 1086 1010 formis
1119 968 1466 1024 proverbialibus
1493 966 1647 1008 multis

136 1012 307 1079 factum
325 1022 409 1066 est,
430 1022 644 1075 originem
666 1024 839 1074 habuit,
859 1026 1032 1067 credere
1051 1026 1171 1075 licet,
1184 1027 1241 1068 ab
1256 1026 1449 1068 hominis
1467 1024 1649 1066 molien-
1683 1049 1687 1053 ·

137 1074 198 1112 tls
231 1077 277 1114 et
309 1075 364 1116 ad
397 1090 508 1132 opus
534 1080 715 1134 aliquod
745 1095 815 1124 res
848 1083 1118 1125 necessarias
1151 1083 1470 1139 comportantis
1502 1081 1649 1124 studio

135 1127 315 1173 ductum
334 1146 446 1182 esse,
461 1137 571 1180 adeo
588 1142 641 1180 ut
671 1140 852 1181 verbum
872 1143 930 1182 sit
949 1142 1222 1197 graphicum.
1281 1141 1351 1183 An
1381 1153 1485 1183 vero
1503 1140 1648 1182 consi-

136 1185 376 1232 derandum
405 1198 472 1235 est
507 1199 559 1236 ut
595 1197 776 1239 verbum
809 1203 1030 1247 neutrum,
1070 1200 1349 1254 positumque
1384 1211 1467 1254 pro
1502 1197 1651 1239 medio

137 1241 423 1299 (quamquam
441 1253 653 1311 graviori)
667 1256 862 1309 φερόμενος
875 1255 1176 1298 ’ἒ-Νἰηιίωιῐι

194 1299 239 1343 2.
269 1305 405 1347 etiam
434 1310 630 1363 φερόμενος
663 1313 965 1365 pleonasmum
985 1314 1107 1356 facit.
1168 1312 1279 1356 Plat.
1312 1312 1457 1355 Phaed.
1478 1326 1526 1368 p.
1548 1310 1649 1354 222.

135 1370 172 1400 Β.
196 1359 274 1400 ἆτὸ
288 1360 336 1404 δὴ
356 1361 606 1415 θαυμαστῆς,
627 1367 658 1408 ὦ
678 1371 751 1418 ἐπ,
773 1370 926 1411 ἐλπίδος
945 1372 1107 1424 ὠχόμκην
1145 1373 1369 1428 φερόμενοςῖ
1401 1383 1430 1413 a
1453 1367 1654 1412 mirabili

134 1429 211 1472 §sse
225 1421 397 1482 repenle
414 1420 601 1477 dejectus·
626 1437 733 1466 sum.
779 1415 988 1469 Heroddt.
1007 1428 1098 1470 viii.
1120 1426 1191 1469 28.
1233 1430 1423 1483 φερόμενὸι
1450 1430 1650 1477 εἰσέπεσον,

135 1478 231 1516 oum
249 1482 414 1534 impetu
433 1477 662 1525 inverunt.
721 1481 905 1539 Lycurg.
928 1498 966 1526 c.
985 1483 1136 1529 Leocr.
1158 1499 1200 1541 p.
1216 1484 1318 1528 244.
1360 1483 1482 1534 ’Ἥξει
1507 1484 1543 1525 δ’
1563 1484 1653 1525 ἴσως

140 1532 200 1573 ἔπ’
216 1534 349 1577 ἐκεῖνον
377 1536 440 1577 τὸν
457 1539 569 1586 λόγον
589 1542 787 1595 φερόμενος
807 1573 817 1582 .
842 1573 852 1584 .
879 1575 890 1584 .
913 1545 961 1584 ὡς
990 1546 1058 1584 οὐκ
1084 1543 1218 1596 ’ἔνοχός
1247 1545 1327 1584 ἐστι
1358 1547 1412 1599 τῇ
1440 1541 1650 1598 &pobbo-1¹4:

137 1588 298 1647 cupide
312 1591 503 1648 fortasse
518 1594 643 1638 illum
670 1597 810 1641 locum
827 1599 1029 1656 (impiet.
1043 1629 1056 1641 .
1074 1629 1087 1641 .
1100 1599 1190 1654 .(ut
1218 1599 1365 1642 docere
1385 1600 1592 1654 conetur-Q
1608 1611 1656 1641 se

139 1660 227 1690 non
242 1661 328 1691 esse
336 1650 602 1706 proditionis
618 1667 753 1696 reum.
786 1655 915 1698 Patet
930 1670 986 1698 ex
1004 1658 1074 1698 his
1092 1659 1217 1705 loeis,
1238 1658 1347 1699 illud
1365 1658 1655 1712 participium.

139 1706 407 1751 vehementis
428 1710 620 1765 impetus
641 1713 1007 1766 significationem
1023 1715 1203 1764 habere,
1216 1719 1261 1758 et
1274 1715 1452 1769 quidem
1471 1715 1656 1770 proprio

139 1764 308 1819 pariter
324 1777 378 1809 ac
394 1768 563 1823 tropico
577 1782 722 1812 sensu.

714 1851 1019 1916 ooANEm.

194 1935 594 1994 Frequentissimus
629 1943 760 1998 hujus
792 1945 915 1986 verbi
949 1958 1054 1988 usus
1084 1943 1237 1999 φθάνειν
1269 1950 1468 1998 ποιοῦντα,
1497 1945 1653 2001 φθάνειν

140 2000 259 2038 ποιεῖν
288 2001 333 2040 et
349 2003 467 2040 ποιεῖν
487 1998 696 2053 φθάνοντα,
709 2001 1003 2060 priusfacere,
1033 2004 1212 2045 aliunde
1230 2004 1550 2058 cognoscendus
1569 2010 1651 2047 est.

140 2053 229 2096 Sed
247 2055 345 2098 loca
363 2061 465 2098 sunt
484 2058 639 2106 multa,
655 2060 817 2112 quibus
828 2061 951 2102 notio
969 2062 1129 2114 prioris
1142 2063 1356 2117 temporis
1369 2064 1547 2118 proprie
1564 2075 1655 2105 non

140 2115 362 2162 convenit,
381 2119 433 2156 ut
451 2114 679 2170 Aristoph.
702 2115 819 2159 Plut.
835 2116 934 2159 875.
964 2117 1023 2159 Σὺ
1041 2119 1128 2168 μὲν,
1150 2121 1201 2160 εἷς
1224 2119 1363 2174 &rogii
1393 2120 1455 2160 ἰὼν
1475 2122 1651 2174 ταχέως,

140 2176 207 2212 οὒκ
225 2169 268 2212 ἂν
287 2171 471 2226 esebon?
500 2171 530 2214 J
533 2174 658 2228 osph.
678 2174 890 2217 Archaeol.
923 2189 995 2217 xv.
1017 2175 1058 2217 8.
1114 2176 1159 2218 τό
1179 2175 1214 2216 δ’
1236 2176 1338 2217 ἄλλο
1355 2175 1515 2221 πλῆθος
1546 2176 1650 2231 ἔφθη

139 2228 212 2277 μὲν
223 2230 275 2271 εἰς
295 2229 340 2270 τὸ
357 2231 584 2285 χαράκωμα
603 2237 829 2285 συμφυγεῖν,
849 2234 926 2274 ubi
948 2232 1160 2276 Gelenius
1189 2234 1451 2289 Simpliciter
1482 2237 1618 2278 vertit
1635 2247 1649 2284 ς

138 2292 272 2328 cetera
309 2286 433 2329 turba
457 2286 626 2345 refugit
653 2289 824 2345 quidem
855 2290 970 2332 intra
1000 2296 1146 2333 castra.
1216 2291 1303 2333 Sed
1334 2292 1423 2333 vid.
1455 2290 1560 2335 Ern.
1591 2292 1651 2335 ad

141 2340 343 2399 Xenoph.
369 2344 505 2387 Mem.
525 2347 590 2387 iii.
616 2346 684 2395 ll,
709 2347 744 2388 l.
802 2347 845 2389 Is
864 2353 1013 2390 contra
1035 2347 1244 2390 Budaeum
1275 2352 1322 2391 et
1350 2348 1646 2404 Stephanum,

140 2401 216 2453 qui
235 2402 425 2444 otiosum
453 2416 547 2445 esse
566 2405 718 2446 volunt
733 2404 777 2445 τὸ
797 2404 964 2459 φθάνειν,
995 2406 1198 2457 ostendit,
1231 2404 1460 2449 celeritatis
1478 2408 1647 2462 signifi·

140 2460 359 2500 nationem
398 2460 557 2503 inesse.
617 2460 771 2515 Itaque
803 2476 876 2518 ap.
903 2462 933 2505 J
936 2464 1149 2518 osephum
1180 2465 1338 2506 rectius
1366 2469 1538 2507 vertas:
1569 2464 1648 2507 sed

140 2521 273 2558 cetera
301 2515 470 2573 quidem
505 2517 733 2561 multitudo
764 2519 891 2562 celeri
909 2520 1030 2578 fuga
1061 2533 1107 2563 se
1138 2519 1255 2563 intra
1286 2519 1446 2564 vallum
1470 2522 1645 2581 recepit.

138 2571 436 2617 Veruntamen
456 2589 512 2616 ne
530 2588 558 2616 a
576 2577 740 2618 talibus
771 2578 947 2630 quidem
966 2579 1074 2620 locis
1098 2580 1338 2634 occupandi
1371 2584 1417 2622 et
1449 2585 1648 2623 antever-

137 2632 259 2674 tendi
293 2633 555 2686 significatio
583 2634 742 2682 abest;
770 2634 1038 2691 significatio
1071 2637 1282 2690 inquam;
1314 2650 1402 2679 non
1434 2639 1553 2680 enim
1580 2639 1647 2680 di-

138 2693 256 2731 serte
287 2695 651 2732 commemoratur
684 2704 771 2739 res,
803 2707 893 2747 qua
920 2695 1044 2748 prius
1072 2694 1240 2748 aliquid
1272 2695 1522 2738 faciendum
1563 2701 1645 2738 est.

139 2745 213 2787 Sic
234 2748 280 2789 in
300 2748 437 2802 priori
458 2749 552 2789 loco
571 2747 759 2801 intelligi
780 2750 909 2792 debet
928 2765 938 2792 :
965 2750 1213 2808 priusquam
1232 2750 1280 2792 vi
1298 2758 1338 2793 te
1355 2751 1467 2795 istuc
1485 2752 1643 2796 abstra-

137 2801 235 2850 hoem
246 2820 261 2847 .·
288 2807 335 2848 in
354 2806 587 2861 posteriori
607 2819 617 2846 ε
643 2805 899 2865 priusquam
917 2808 1187 2865 conficeretur
1204 2807 1256 2851 ab
1274 2808 1475 2854 hostibus.
