1838 3164
811 149 985 179 mnu-m.
1573 127 1660 174 257

154 244 300 290 Diatr.
337 248 384 290 in
418 246 614 302 Euripid.
634 245 809 301 Fragm.
839 260 905 302 p„
928 243 1027 287 254.
1051 243 1114 287 C.
1152 243 1373 301 Senum]
1432 242 1561 289 Hanc
1595 247 1666 290 el-‘-

150 304 287 358 lipsin
305 308 504 360 sequitur,
518 304 671 347 Cicero
690 306 767 347 lib.
784 305 872 347 xvi.
894 317 963 359 ep.
985 302 1057 346 24.
1103 302 1172 346 De
1191 301 1429 353 domesticis
1444 303 1657 347 hactenus.

151 359 223 404 De
233 362 422 418 publicis
439 362 580 406 onmia
596 361 707 416 milti
730 369 859 405 ema.
892 363 987 404 sub.
1022 360 1158 404 rebus.
1219 361 1352 404 Plene
1382 362 1498 402 idem
1529 363 1603 403 lib.
1625 363 1654 403 i.

150 431 221 473 ep.
244 418 286 461 9.
326 419 589 464 Vehementer
606 419 818 462 etiamres
846 419 942 477 ipsa
956 417 1134 476 publica
1158 433 1225 461 me
1241 418 1386 462 movit.
1437 417 1511 461 Sic
1532 419 1655 461 Grae-

150 489 299 519 eorum
317 476 449 532 plane
466 478 717 520 imitatione
732 476 1006 519 Ovidiuslib.
1028 478 1076 518 ii.
1096 477 1150 518 de
1166 476 1293 520 Pont.
1315 490 1386 533 ep.
1406 477 1484 518 vii.
1503 476 1578 519 37.

322 534 407 576 Sed
424 533 527 592 quia
544 548 609 577 res
627 534 782 577 timida
802 542 862 578 est
882 534 1019 577 omnis
1037 532 1177 577 miser.

151 591 183 632 i.
201 604 238 632 e.
269 590 446 634 timidus
463 598 523 634 est
542 593 677 635 omnis
695 592 834 634 miser.
894 591 943 633 In
973 594 1164 647 eleganti
1197 594 1275 635 illa
1304 594 1573 648 periphrasi,
1604 593 1658 635 τοὶ

150 653 219 690 τοῦ
237 647 366 699 νόμου,
384 663 462 705 pro
482 653 500 690 ὃ
518 652 642 699 νόμος.
674 650 801 692 Rom.
821 652 870 692 ii.
899 649 961 691 14.
982 651 1078 693 coll.
1094 651 1150 692 ad
1171 650 1318 692 Galat.
1339 665 1380 692 v.
1400 651 1442 694 3.
1501 649 1569 692 Tax
1584 653 1656 694 τῆς

149 709 381 760 φιλοσοφίας,
412 711 483 751 τῆς
513 712 726 758 ποιητικῆς,
760 722 842 763 pro
875 709 901 751 ἦ
930 710 1146 761 φιλοσοφία,
1177 709 1368 752 ποιητική.
1429 707 1656 750 Maximus

147 761 246 816 Tyr.
269 761 453 806 Dissert.
474 778 516 806 x.
546 779 590 820 p.
628 766 718 807 103.
750 765 799 807 In
828 765 881 806 τοὶ
908 766 1071 813 βιωτικὰ
1094 765 1112 806 l
1138 764 1337 808 Corinth.
1364 766 1423 807 vi.
1443 766 1483 807 3.
1545 764 1657 820 Sup-

146 820 239 874 plet
257 822 432 876 ellipsin
452 822 675 865 Macarius
696 822 859 865 Homil.
892 836 965 864 xv.
986 836 1032 878 p.
1061 822 1162 865 201.
1220 821 1306 866 Τῆν
1324 826 1508 878 μέριμναν
1525 824 1648 878 ἐ’χουσ

145 876 231 932 περὶ
265 883 348 919 τῶν
371 883 556 927 βιωτικῶν
586 883 848 936 πραγμάτωνῑ
885 893 982 934 quae
1015 883 1191 936 μέριμναι
1225 880 1401 929 βιωτικαὶ
1431 881 1539 923 Luc.
1559 882 1655 922 xxi.

145 933 218 976 34.
275 934 326 977 In
347 936 538 993 καθάπερ.
569 938 597 979 2
631 937 830 980 Corinth.
859 939 926 980 iii.
969 937 1034 978 18.
1065 937 1145 979 Est
1164 940 1282 980 enim
1305 938 1370 978 ita
1402 939 1659 992 disjungen-

146 991 269 1041 dum,
318 993 410 1034 καθ’
440 995 553 1049 ἅπερ,
602 998 698 1037 sub.
732 998 975 1051 πραγματαε
1028 997 1095 1037 uti
1130 998 1219 1044 τόνγε
1255 995 1373 1050 apud
1415 994 1656 1037 Homerum

147 1047 302 1105 Odyss.
325 1050 374 1093 P.
403 1065 441 1093 v.
464 1051 564 1094 401.
590 1055 718 1108 plene
747 1054 963 1095 diceretur
988 1053 1093 1094 nari
1116 1055 1204 1102 τάγε
1224 1070 1260 1093 w
1284 1057 1413 1101 ἂγμα.
1474 1051 1586 1094 Item
1609 1055 1655 1095 in

147 1107 203 1148 τὰ
218 1109 291 1149 ὅλα
318 1109 489 1164 ellipsin
510 1112 685 1165 supplet
713 1110 973 1153 Onosander
1003 1123 1099 1165 cap.
1122 1112 1181 1151 vi.
1240 1071 1307 1151 ”led
1326 1111 1399 1151 ὅλα
1429 1112 1656 1166 συνέτριψαν

146 1169 222 1206 τόν
241 1167 411 1207 ἐναντίων
431 1169 668 1223 πράγματα.
700 1174 744 1210 et
773 1182 870 1223 cap.
900 1169 993 1210 xlii.
1032 1182 1075 1222 p.
1107 1166 1198 1209 129.
1231 1168 1327 1208 ὥστε
1356 1170 1435 1209 τοῖς
1454 1169 1553 1209 ὅλοις
1573 1171 1654 1209 ἐπι-

145 1219 264 1263 θεῖναι
298 1229 366 1265 τοῦ
384 1228 555 1272 πολέμου
584 1228 791 1281 πράγμασι
812 1229 937 1267 τέλος.
996 1224 1047 1266 In
1079 1227 1149 1281 ζῆν
1170 1227 1204 1266 ἐν
1225 1223 1414 1278 ἀφθόνοις,
1444 1223 1585 1267 vivere
1604 1224 1655 1267 in

140 1279 282 1321 rerum
314 1280 595 1330 abundantia,
627 1285 672 1324 in
714 1282 903 1337 Epicteti
924 1282 1149 1324 Enchirid.
1184 1297 1218 1324 c.
1255 1282 1333 1324 xii.
1393 1281 1443 1323 In
1478 1296 1654 1337 prover-

144 1335 251 1378 biali
273 1338 350 1379 illa
368 1339 587 1381 locutione
605 1355 615 1381 :
645 1339 742 1381 Ἐπὶ
762 1340 871 1395 ξυροῦ
903 1340 1056 1380 ἵσταται
1092 1342 1237 1388 ἆκμῆς,
1268 1339 1385 1393 apud
1406 1338 1653 1382 Homerum

143 1390 269 1435 Iliad.
310 1394 365 1436 K.
401 1410 441 1438 v.
469 1397 578 1438 173..
622 1395 798 1450 Integra
828 1399 1027 1439 oratione
1049 1397 1179 1438 habet
1212 1395 1464 1437 Herodotus
1492 1398 1569 1438 lib.
1591 1398 1649 1438 vi.

142 1463 239 1505 cap.
268 1452 334 1493 ll.
364 1451 459 1494 Ἐπὶ
480 1453 589 1509 ξυροῦ
608 1455 683 1506 ’γὰρ
704 1459 774 1498 τῆς
791 1458 919 1502 ἆκμῆς
948 1456 1086 1508 ἔχεται
1105 1455 1196 1503 ἡμῖν
1216 1454 1269 1494 τα
1297 1454 1537 1508 πρήγματα.
1598 1453 1652 1496 In

141 1507 451 1558 locutionibus,
481 1513 642 1564 quibus
671 1511 907 1565 Synthesin
928 1512 1070 1553 inesse
1088 1516 1269 1554 censent
1288 1511 1533 1553 Aristarchi
1554 1512 1650 1561 filii,

142 1578 182 1606 e.
208 1580 252 1619 g.
275 1568 393 1623 apud
427 1567 670 1610 Homerum
691 1568 818 1610 Iliad.
847 1568 897 1611 B.
919 1584 961 1611 v.
984 1569 1083 1610 204.
1112 1574 1179 1610 οὑκ
1198 1566 1345 1617 ἀγαθὸν
1363 1571 1652 1624 πολυκοιρανίη.

142 1621 287 1670 Quam
325 1626 499 1679 ellipsin
528 1625 676 1668 Latini
714 1640 889 1680 quoque
921 1630 1087 1668 amant.
1145 1626 1218 1667 Sic
1250 1624 1466 1678 Virgilius
1499 1625 1650 1680 Eclog.

140 1681 204 1721 iii.
226 1695 265 1723 v.
287 1681 358 1724 80.
399 1681 531 1725 Triste
548 1684 672 1740 lupus
690 1683 881 1726 stabulis.
901 1690 946 1726 et
963 1685 1068 1725 ibid.
1097 1698 1137 1724 v.
1157 1684 1228 1724 82.
1279 1681 1418 1724 Dulce
1445 1682 1551 1724 satis
1574 1683 1651 1725 hu-

140 1750 245 1780 mor.
308 1738 398 1780 Ubi
438 1740 615 1783 Servius
637 1742 795 1783 habet:
824 1741 955 1783 tristis
982 1754 1063 1788 res,
1092 1740 1229 1782 dulcis
1244 1753 1324 1781 res.
1383 1738 1510 1786 Quod
1544 1742 1650 1782 atti-

139 1800 213 1837 net
243 1797 296 1838 ad
328 1798 590 1840 locutionem
620 1801 678 1839 ἐπ’
699 1803 922 1854 αὐτοφώρῳ,
952 1798 1057 1840 Joh.
1095 1799 1189 1839 viii.
1222 1797 1264 1838 4.
1287 1797 1456 1838 eadem.
1480 1800 1649 1840 ἐλλιπῶς

137 1854 280 1895 utitur
297 1852 547 1898 Herodotus
568 1858 645 1897 lib.
667 1858 725 1897 vi.
754 1869 849 1910 cap.
871 1856 940 1897 72.
970 1855 1064 1896 Ἐπ’
1086 1857 1291 1911 αὐτοφώρῳ
1323 1853 1362 1895 δὲ
1383 1855 1511 1896 ἁλούς.
1574 1854 1650 1897 Sic

137 1911 270 1964 plena
299 1915 500 1954 oratione
531 1915 662 1955 habet
682 1913 902 1955 Diodorus
922 1913 1009 1955 Sic.
1033 1913 1111 1954 lib.
1135 1913 1180 1953 ii.
1213 1925 1255 1966 p.
1293 1910 1388 1952 114.
1423 1910 1476 1951 Β.
1506 1911 1648 1955 Μηνυ-

138 1967 269 2011 Seiam
302 1976 407 2025 αὐτῷ
443 1975 513 2014 τῆς
542 1971 718 2025 πράξεως
754 1974 986 2025 αὐτοφώρου.
1048 1969 1250 2023 Denique
1284 1969 1330 2009 in
1370 1969 1448 2010 illa
1476 1969 1650 2011 dicendi

70 2063 74 2068 .
137 2025 329 2067 formula
362 2026 526 2069 Matth.
564 2029 657 2069 viii.
689 2027 757 2068 29.
788 2025 842 2067 Τί
875 2029 969 2073 ἡμῖν
989 2027 1053 2067 καὶ
1085 2028 1165 2074 σοι’;
1196 2026 1294 2068 coll.
1315 2024 1511 2067 Johann.
1534 2027 1582 2068 ii.
1602 2027 1644 2068 4.

135 2095 223 2136 qua
256 2083 448 2126 molestia
482 2086 548 2126 vel
580 2090 810 2126 contemtus
834 2083 901 2126 rei
932 2083 1120 2140 alicujus
1155 2084 1373 2131 innuitur,
1404 2087 1449 2124 et
1479 2085 1526 2125 in
1556 2097 1648 2137 qua

134 2141 247 2182 falso
265 2142 443 2194 quidam
468 2143 521 2184 de
540 2141 769 2184 Ebraismo
787 2143 1001 2196 cogitant,
1033 2142 1130 2182 sub.
1159 2143 1342 2196 πρᾶγμα.
1403 2140 1477 2183 Sic
1508 2141 1647 2183 etiam

135 2197 368 2240 Anacreon
390 2197 475 2240 Od.
497 2201 604 2241 xvii.
626 2214 710 2241 ver.
729 2198 828 2241 264.
886 2197 940 2240 Τι’
958 2199 1033 2254 γὰρ
1051 2201 1222 2251 μάχαισι
1241 2199 1386 2250 κᾴμοίς
1419 2202 1463 2239 et
1482 2211 1524 2238 v.
1544 2197 1647 2241 270.

133 2252 188 2295 Τι’
226 2255 456 2297 Πλειάδεσσι
495 2259 635 2311 κᾲμοίς
670 2256 755 2299 Pro
787 2270 875 2310 quo
909 2257 1038 2311 plene
1071 2256 1180 2297 dicit
1219 2253 1434 2296 Chariton
1468 2256 1546 2307 lib.
1583 2257 1645 2298 iv.

134 2325 181 2366 p.
204 2311 273 2354 67.
302 2312 357 2354 Τι’
375 2314 414 2355 δὲ
435 2314 505 2362 σοὶ,
540 2315 645 2368 φησὶ,
674 2318 845 2370 πρᾶγμα
865 2315 957 2369 πρὸς
979 2311 1223 2368 Καλλιῤῥόπν
1244 2313 1381 2355 ἐκείνην
1399 2326 1410 2359 ;
1445 2311 1657 2367 [Vid-ad.

136 2382 179 2410 V.
207 2368 353 2412 Κοινόν.
410 2371 521 2414 Add.
555 2371 846 2414 Philostratus
878 2370 986 2412 Her.
1025 2385 1067 2426 p.
1102 2369 1144 2411 8.
1187 2368 1326 2411 Boiss.
1358 2368 1425 2410 Σοὶ
1461 2369 1500 2411 δὲ
1521 2373 1563 2411 τί
1580 2370 1647 2412 καῖ

137 2432 192 2483 τῷ
216 2425 471 2485 Πρωτεσίλεῳ
504 2432 641 2477 κοινόνς
687 2428 909 2483 δοΗΑΕιτ]
971 2427 1075 2471 Nec'
1099 2428 1245 2469 minus
1278 2425 1429 2468 Latini
1468 2427 1646 2483 ellipsin

135 2484 183 2524 in
206 2484 526 2528 haclocutione'
550 2492 807 2540 sequuntur.
868 2485 1046 2527 Curtius
1084 2486 1159 2527 lib.
1193 2484 1271 2525 vii.
1302 2497 1398 2539 cap.
1433 2484 1474 2525 8.
1510 2485 1549 2540 §-
1577 2484 1645 2527 16.

138 2538 259 2588 Quid
291 2541 412 2585 nobis
439 2549 694 2599 tec-umrest?
722 2543 778 2586 Et
814 2542 1000 2585 Ovidius
1023 2544 1102 2585 lib.
1139 2544 1189 2584 ii.
1222 2540 1346 2595 Eleg.
1378 2543 1410 2582 i.
1448 2541 1486 2582 1.
1525 2541 1647 2590 Quid

135 2598 240 2640 mihi
271 2600 482 2643 vobiscum
510 2606 601 2643 est?
644 2602 738 2642 sub.
777 2599 960 2656 negotii.
1018 2599 1083 2643 Ut
1109 2602 1215 2648 alia,
1250 2613 1289 2641 e.
1312 2612 1357 2652 g.
1380 2599 1434 2639 τα“
1470 2602 1644 2654 βρότεια,

135 2654 280 2710 δέοντα,
311 2658 555 2711 ἐνδεχόμενα,
590 2661 796 2708 α’ναγκαῖα,
836 2660 1081 2714 προκείμενα,
1118 2658 1360 2706 ὑποκείμενα,
1402 2656 1455 2696 τά
1483 2659 1646 2707 ἑαυτῶν,

135 2713 190 2753 τὰ
207 2717 296 2755 κατ’
316 2718 403 2764 ἐμὲ,
435 2716 487 2756 τοὶ
503 2716 591 2771 περὶ
610 2717 694 2764 ἐμὲ,
726 2716 778 2756 τοὶ
795 2715 891 2770 πρὸς
909 2715 1010 2763 θεὸν,
1038 2718 1090 2757 εἰς
1108 2715 1224 2762 κενὸν,
1253 2717 1295 2754 οὖ
1317 2713 1561 2762 θαυμαστὸν,
1595 2717 1643 2757 in

133 2771 295 2823 quibus
314 2773 374 2821 τὸ,
387 2778 574 2828 πρᾶγμα,
594 2775 658 2815 vel
676 2774 901 2828 πράγματα
918 2774 1196 2820 subauditur,
1215 2771 1462 2826 compendii
1479 2773 1643 2825 gratia,

131 2831 531 2881 praetermittamus.
561 2830 775 2872 ScnwEB.

189 2884 218 2933 ἵ
247 2892 278 2911 “
298 2885 410 2930 Xen.
433 2887 590 2944 Cyrop.
627 2889 705 2931 vii.
743 2887 781 2941 1,
826 2887 888 2930 15.
911 2887 976 2929 ,ἰαὶ
994 2889 1029 2930 ἔν
1049 2890 1173 2942 τούτῳ
1193 2885 1231 2927 δὲ
1252 2886 1454 2934 ἐδήλωσεν,
1474 2886 1517 2928 h·
1538 2900 1578 2928 e·
1601 2892 1643 2928 et

131 2953 228 2985 vero
258 2942 323 2987 ibi
353 2946 570 3004 apparuit.
599 2946 700 2991 add.
736 2946 797 2990 id.
835 2945 1026 3005 Apomn.
1058 2946 1092 2990 i.
1124 2943 1174 2994 2,
1202 2943 1302 2989 233*
1358 2941 1549 2988 Fischer.
1584 2944 1644 2987 ad
