1838 3164
215 135 291 206 ’84
570 152 889 201 PLEONAsMI
919 154 1395 202 PRAEPOSITIONUM.

227 275 429 322 homines
456 291 562 322 usos
593 293 706 330 esse,
737 282 775 324 si
807 293 1066 336 quacunque
1095 282 1150 325 de
1183 295 1316 325 causa
1354 282 1571 324 incertum
1607 283 1742 328 esset,

226 348 415 387 unusne,
445 338 571 392 quus
602 353 761 382 nomen
780 341 974 396 ponitur,
1002 341 1174 393 fuisset,
1203 354 1258 382 au
1285 341 1460 395 plures:
1493 342 1538 381 et
1571 339 1635 381 sic
1652 339 1741 380 for-

226 397 348 437 tasse
381 395 581 453 Xenoph.
623 396 760 439 Mem.
797 398 859 439 iii.
893 397 935 450 5,
976 398 1040 440 10.
1086 400 1398 441 obscuritatem
1426 397 1585 440 veteris
1610 395 1739 438 fam'ae
1796 427 1812 437 ..

223 452 482 506 significari.
541 453 610 496 Ex
638 454 720 497 hac
753 456 925 497 ratione
956 468 1044 497 non
1076 458 1191 498 male
1220 456 1426 510 expedire
1457 454 1610 497 licebit
1633 465 1739 495 non·
1794 445 1830 490 '³²2'ss

226 510 352 552 nulla
370 512 484 560 loca,
514 516 565 554 ut
585 510 712 554 Iliad.
735 514 793 554 Z.
814 512 912 554 435.
944 515 976 553 οἶ
1009 511 1147 569 ἄριστοι
1168 516 1267 568 ἀμφ’
1288 512 1432 554 Αἴαντε
1463 512 1527 553 δύο
1557 517 1640 554 etc.
1672 511 1738 552 in-

222 570 396 610 ·certum
415 581 572 625 nempe
593 583 705 619 esse,
735 574 842 623 quot
875 573 921 611 et
954 570 1031 623 qui
1065 570 1258 623 fuerint3
1289 572 1366 612 sed
1400 571 1494 612 fere
1529 581 1607 611 sex
1638 569 1739 610 illos

224 627 464 669 nominari.
524 626 688 669 Melius
721 632 837 670 certe
870 628 952 669 hoc
985 631 1069 675 est,
1100 641 1232 681 quam
1249 629 1366 684 quod
1397 629 1491 683 ipse
1523 625 1577 669 B.
1606 626 1653 668 in
1671 627 1739 668 in-

223 681 322 724 dice
340 684 397 725 ad
417 684 476 726 iv.
508 684 706 738 dialogos
729 685 926 727 Platonis
958 685 1027 726 ed.
1061 683 1232 728 Biester
1249 689 1553 742 proposuerat,
1584 684 1659 726 ubi
1692 683 1740 725 in

221 736 433 783 Menonis
452 743 548 784 loco
567 755 703 797 supra
731 743 910 785 laudato
940 744 972 783 οἳ
992 742 1093 796 ἀμφὶ
1124 741 1185 785 Θ.
1221 743 1482 786 Germanice
1501 743 1634 784 vertit
1670 739 1742 783 die

229 794 584 842 Themistoclesse.
645 799 749 842 Non
780 801 899 842 enim
925 813 1024 841 cum
1054 801 1251 855 emphasi
1282 802 1474 854 quadam
1513 797 1742 856 Themisto·

220 853 303 896 elis
318 855 477 899 similes
492 858 552 898 ibi
574 861 677 898 sunt
693 858 987 911 intelligendi,
1019 858 1094 899 sed
1114 871 1228 900 unus
1259 857 1591 901 Themistocles.
1653 855 1741 899 Sed

217 913 436 967 quidquid
464 915 610 969 primo
639 927 817 956 causam
838 916 958 957 dedit
979 915 1112 968 hujus
1130 916 1287 957 formae
1305 916 1582 971 usurpandae,
1617 915 1740 957 dein-

218 982 324 1069 cep38
343 975 460 1070 chtte
476 984 530 1013 ea
548 973 942 1072 tanturlnmodojtisi
962 977 1066 1014 sunt
1084 974 1138 1014 ad
1157 974 1413 1071 vtariandatp
1432 973 1694 1015 orationem.
1724 1031 1743 1071 t

314 1059 324 1068 .
398 1041 425 1069 n
449 1042 474 1070 e
496 1041 684 1070 numera
703 1042 747 1070 ia
809 1043 874 1072 081
898 1043 973 1071 um
1001 1034 1058 1079 ἅμ
1092 1030 1101 1071 ἶ
1129 1044 1172 1072 es
1189 1061 1195 1071 ,
1214 1044 1301 1073 non
1332 1043 1476 1072 mmus
1577 1042 1671 1077 am:
1698 1042 1723 1071 e

217 1083 493 1127 luculentum
511 1099 592 1141 pro
611 1100 676 1135 re,
697 1043 863 1140 quapde
887 1088 1052 1141 agitur,
1061 1039 1314 1130 vnumerum
1334 1042 1574 1144 signifi’caqtzf
1627 1085 1741 1128 Con-

217 1143 433 1185 sideranti
468 1143 559 1186 haec
609 1144 704 1186 loca
737 1144 1048 1198 Xenophontis
1083 1146 1126 1186 id
1162 1145 1290 1187 facile
1330 1146 1577 1201 apparebit.
1637 1142 1740 1198 Cyri

218 1198 342 1243 Disc.
359 1201 390 1243 i.
413 1200 458 1250 2,
486 1201 551 1243 15.
571 1202 632 1243 vi.
655 1202 698 1254 3,
724 1200 791 1244 19.
853 1201 956 1257 Cyri
977 1201 1085 1258 Exp.
1103 1204 1134 1245 i.
1154 1202 1198 1257 2,
1217 1201 1259 1245 9.
1283 1204 1332 1245 ii.
1358 1203 1397 1252 1,
1420 1202 1486 1246 15.
1543 1201 1740 1245 Eandem

218 1259 311 1301 vim
331 1258 467 1302 habet
487 1257 604 1308 ΕΙΣ,
634 1260 752 1313 quod
771 1260 884 1303 vide.

857 1347 1112 1391 ΑΤΕΡΘΕ.

277 1422 370 1466 Aut
401 1424 483 1465 hoc
517 1427 597 1466 aut
627 1424 747 1477 νόσφιν
786 1423 906 1477 apud
947 1421 1190 1465 Hesiodum
1215 1423 1339 1479 ’‘Epey.
1371 1423 1444 1467 91.
1483 1429 1528 1467 et
1571 1425 1663 1468 113.
1693 1426 1739 1468 in

216 1481 487 1537 pleonasmis
522 1481 745 1523 numerari
780 1483 947 1534 potest.
1007 1480 1077 1521 Ad
1110 1483 1397 1535 posteriorem
1435 1485 1579 1525 locum
1619 1482 1740 1525 Mos-

216 1539 462 1593 chopuluS:
495 1539 614 1592 νόσφιν
650 1535 804 1593 ἄτερθε·
840 1540 883 1579 ἐκ
911 1538 1191 1593 παραλλήλου,
1230 1539 1313 1580 ἀντὶ
1349 1545 1417 1582 τοῦ
1436 1543 1574 1596 χωρίς.
1635 1540 1739 1582 Non

219 1596 359 1649 igitur
378 1609 612 1650 possumus
635 1609 689 1637 ex
709 1597 803 1648 ejus
840 1596 988 1636 verbis
1021 1597 1303 1643 constituere,
1333 1602 1482 1638 utrum
1504 1599 1660 1640 horum
1681 1600 1740 1639 sit

218 1653 531 1696 adventitium.
591 1653 666 1694 Sic
686 1660 731 1694 et
750 1651 951 1694 Vechner
971 1654 1019 1693 in
1041 1652 1346 1695 Hellenolexia
1365 1667 1410 1708 p.
1434 1654 1528 1696 165.
1573 1654 1739 1703 Quodsi

218 1711 352 1753 lectio
372 1709 463 1766 ἄτερ
485 1728 528 1751 τε
548 1723 651 1753 vera
671 1713 801 1757 esset,
835 1711 1016 1751 omnino
1049 1711 1172 1751 nulla
1191 1711 1437 1765 pleonasmi
1468 1714 1659 1769 suspicio
1679 1714 1741 1754 lo-

218 1781 323 1810 cum
360 1768 555 1810 haberet.
614 1767 717 1809 Vid.
753 1765 865 1820 Isag.
901 1768 939 1822 ξ.
979 1768 1021 1809 7.
1080 1766 1207 1815 Eam,
1248 1769 1364 1821 quod
1399 1771 1588 1819 mireris,
1620 1769 1743 1812 Heu-

221 1827 423 1879 singerus
439 1826 639 1880 reposuit
666 1825 712 1866 in
740 1823 984 1872 Addendis,
1014 1827 1140 1878 quasi
1174 1828 1490 1882 typographico
1510 1829 1620 1870 vitio
1640 1829 1742 1870 sub-

219 1884 316 1926 lato
334 1897 345 1931 ;
376 1896 474 1924 cum
495 1882 764 1932 Vechnerus,
793 1884 840 1923 in
861 1884 1005 1938 prima
1025 1887 1142 1925 certe
1165 1884 1358 1926 editione
1379 1884 1576 1927 Francos.
1615 1884 1739 1928 1610.

220 1943 443 1997 posuisset
477 1939 633 1996 ἄτερθε.
693 1940 780 1982 Sed
813 1941 941 1982 Valde
970 1941 1138 1995 frigent
1175 1942 1288 1983 haec:
1321 1942 1440 1996 νόσφιν
1479 1942 1570 1998 ἄτερ
1600 1959 1645 1984 τε
1673 1961 1743 1985 κα-

223 2004 317 2047 κῶν,
349 1996 445 2040 sine
474 2004 515 2040 et
534 1998 690 2054 absque
707 1995 858 2046 malis,·
889 2015 917 2039 ν.
947 2001 1011 2039 ἅτ.
1045 2016 1087 2040 τε
1116 1999 1256 2047 πόνων,
1285 1997 1378 2042 sine
1397 2006 1438 2041 et
1457 1998 1613 2056 absque
1629 1999 1744 2044 labo-

223 2054 362 2098 ribus.
435 2054 589 2109 Itaque
637 2056 914 2110 probandum
963 2057 1072 2098 illud
1122 2054 1278 2111 ἄτερθε,
1328 2058 1444 2110 quod
1493 2071 1593 2112 cum
1642 2059 1744 2101 aliis

224 2112 405 2156 Brunek
435 2115 482 2156 in
514 2113 741 2156 Gnomicis
774 2115 915 2168 poetis
940 2114 1106 2156 Graeeis
1138 2116 1363 2168 expressit.
1421 2114 1644 2158 Nimirum
1663 2118 1745 2158 νόσ-

226 2180 287 2225 φιν
321 2172 393 2213 hie
425 2172 622 2226 positum
658 2172 878 2218 existimo,
910 2175 960 2213 ut
989 2172 1259 2214 adverbium.
1321 2171 1440 2214 Nam
1474 2174 1557 2216 etsi
1579 2177 1744 2216 utrum-

229 2242 319 2282 que
337 2229 663 2284 praepositionis
684 2230 775 2270 vim
795 2230 961 2283 passim
981 2231 1160 2284 accipit,
1188 2230 1383 2284 positum
1400 2243 1499 2272 cum
1518 2232 1716 2284 genitivo
1733 2246 1743 2272 :

230 2290 384 2328 tamen
402 2289 539 2340 νόσφιν,
570 2287 657 2328 nisi
678 2299 748 2327 me
777 2299 929 2327 sensus
964 2287 1095 2338 fallit,
1114 2291 1190 2332 rest
1209 2288 1399 2340 gravius,
1436 2295 1497 2335 et,
1527 2293 1577 2330 ut
1596 2289 1661 2330 ita
1681 2289 1748 2330 di-

229 2356 333 2385 cam
373 2345 587 2387 ver-iorem
629 2345 960 2397 longioremque
1014 2345 1304 2386 remotionem
1346 2346 1572 2400 exprimit,
1615 2359 1748 2400 quam

233 2399 393 2456 ἄτερθε,
419 2414 517 2453 quae
546 2414 653 2444 vera
690 2404 757 2443 est
789 2402 955 2456 ubique
985 2403 1243 2457 praepositio
1263 2407 1308 2444 et
1327 2403 1589 2457 simpliciter
1621 2404 1754 2445 hab-et

233 2458 598 2511 significationem
619 2459 899 2514 privationis.
958 2458 1105 2507 Quare
1122 2460 1369 2514 explicandi
1385 2474 1518 2502 causa
1535 2462 1614 2503 illa
1631 2466 1754 2503 verto

234 2514 364 2571 longe
394 2530 437 2564 a,
461 2517 552 2559 sive
572 2516 699 2574 longe
716 2515 871 2559 remoti
889 2531 931 2559 a.
989 2517 1107 2572 Ergo
1134 2522 1179 2560 et
1212 2517 1275 2559 sic
1304 2518 1585 2573 pleonasmus
1605 2520 1751 2562 inanis

237 2575 471 2616 evanescit.

943 2654 1059 2699 ΕΙΣ.

299 2735 413 2789 Hoc,
441 2740 739 2789 numeralibus
781 2739 995 2790 additum,
1023 2742 1090 2780 est
1125 2751 1213 2780 non
1249 2737 1394 2780 minus
1431 2752 1589 2795 quarm·
1615 2743 1666 2782 ut
1704 2741 1756 2782 εἷς

242 2794 341 2850 τρὶς,
371 2808 457 2837 non
474 2795 615 2838 minus
633 2809 761 2853 quam
790 2803 865 2839 ter.
922 2795 990 2838 Ita
1026 2793 1119 2837 Cel.
1158 2794 1440 2838 Hermannus
1459 2797 1515 2838 ad
1531 2795 1682 2850 Vigeri
1705 2799 1755 2840 li-

243 2852 375 2894 brum
396 2854 454 2894 ix.
475 2852 519 2901 2,
548 2854 613 2895 14.
675 2855 760 2909 Ap.
799 2853 1074 2896 Herodotum
1107 2858 1225 2894 certe
1257 2855 1287 2894 i.
1312 2853 1380 2895 86.
1399 2858 1449 2895 ‘et
1469 2867 1539 2908 ap.
1573 2854 1755 2907 Suidam

243 2910 329 2952 sub
362 2913 594 2959 ἀνηνέγκατο
628 2925 683 2952 ex
717 2910 893 2953 AEliano
931 2911 1047 2964 quod
1082 2910 1260 2953 Croesus
1289 2911 1453 2954 dicitur
1488 2914 1526 2956 ἐς
1556 2912 1635 2968 τρὶς
1654 2926 1755 2969 pro-

242 2969 470 3014 nuntiasse
509 2968 685 3014 Solonis
714 2982 886 3024 nornen,
916 2981 1002 3011 non
1037 2971 1182 3024 potest
1218 2969 1339 3011 aliud
1386 2982 1482 3011 esse
1520 2981 1656 3023 quam
1694 2977 1755 3014 ter
