1838 3164
151 118 234 165 192
693 134 888 170 ELLmsis
908 136 1142 172 NOMINUM.

150 235 283 280 etiam
308 247 480 281 numero
509 234 714 280 virtutum
739 237 868 295 longe
884 253 933 282 eo
956 238 1191 295 (Platone)
1207 235 1392 296 inferior
1415 246 1477 284 est
1497 241 1667 300 Lysias.

148 295 456 339 Artemidorus
477 291 786 338 Oneirocritic.
808 310 848 339 v.
869 295 1169 351 p.*264.—Oo
1202 296 1263 338 διαὶ
1283 298 1328 339 τὸ
1345 299 1553 350 γενόμενον,
1575 306 1670 344 ἀλλ’

150 354 207 394 ὅτι
222 353 286 395 καὶ
304 354 521 409 διάστροφος
545 352 589 397 ἦν
606 352 692 395 τοὺς
712 353 939 407 ὀφθαλμούς
958 368 967 394 :
1001 355 1032 395 i.
1055 368 1093 395 e.
1115 357 1157 395 οὐ
1177 356 1284 403 μόνον
1306 356 1366 396 διαὶ
1387 356 1431 397 τὸ
1451 360 1667 408 γενόμενονε

149 424 236 453 non
261 410 441 466 (solum)
473 417 645 467 propter
664 410 850 467 factum,
877 410 952 452 sed
986 410 1118 452 etiam
1145 412 1259 468 quod
1285 412 1484 456 distortos
1502 415 1671 460 haberet

151 468 308 511 oculos.
370 468 533 511 Paulus
553 470 609 510 ad
630 467 759 510 Rom.
782 470 839 510 iv.
861 468 903 510 9.
959 467 1020 509 ‘O
1038 469 1280 525 μακαρισμὸς
1300 469 1359 512 οὖν
1389 471 1497 514 οὗτος
1515 473 1577 514 ἐπὶ
1597 474 1669 518 τῆν

148 525 375 582 περιτομὴν,
407 526 432 572 ἢ
459 525 523 567 καὶ
555 525 616 567 ἐπὶ
639 527 708 568 τὴν
736 526 1016 580 ἄκροβυστίαν;
1058 525 1130 568 An
1155 526 1298 582 igitur
1325 527 1456 571 lzoecce
1489 529 1670 573 beatitu-

150 582 270 626 dinis
292 581 626 640 prceclicatio'in
657 581 1032 633 circumcisionem,
1055 597 1112 626 an
1141 584 1273 627 etiam
1306 583 1355 634 in
1376 587 1670 643 proeputium?

148 639 242 683 Ubi
263 643 310 683 in
329 643 476 696 priore
507 640 720 687 membro,
754 640 815 681 ἐπὶ
847 641 918 684 τὴν
947 642 1175 696 περιτομὴν,
1206 644 1443 696 requiritur
1456 647 1582 694 μόνον,
1618 651 1669 690 ut

151 699 237 740 sit:
287 698 424 742 solum
454 697 504 739 in
538 695 923 739 circumcisionem:
953 704 1187 753 propterea
1217 702 1420 755 vulgatus
1447 704 1665 759 interpres

148 757 285 798 etiam
319 757 500 798 addidit.
559 753 616 797 Et
648 755 704 796 ad
738 754 930 810 Philipp.
965 757 1013 797 ii.
1045 756 1089 798 4.
1120 757 1200 801 Mu}
1240 758 1292 799 τοὶ
1328 763 1471 801 ἑαυτῶν
1512 761 1670 803 ἕκαστος

150 817 342 863 σκοπεῖτε,
366 814 475 855 ἀλλὰ
494 811 558 852 καὶ
584 811 637 852 ταὶ
655 815 785 868 ἑτέρων
815 812 986 862 ἕκαστος,
1013 828 1092 868 pro
1108 813 1188 859 M&
1216 817 1324 863 μόνον
1340 817 1392 858 τοὶ
1409 821 1550 859 ἑαυτῶν
1562 817 1668 862 etc-¹

150 870 239 924 [De
260 873 342 914 hac
371 871 516 924 ellipsi
551 870 681 912 multi
713 875 910 923 egerunt.
969 870 1071 913 Vid.
1106 878 1156 914 ut
1193 874 1262 915 his
1294 878 1410 923 utar,
1441 874 1668 930 Hemste1·-

150 930 247 971 hus.
278 930 334 970 ad
363 929 543 970 Lucian.
577 931 611 969 t.
644 929 675 969 i.
704 941 748 982 p.
783 927 856 977 85,
875 927 945 970 26.
975 928 1240 984 Wesseling.
1272 933 1327 972 ad
1363 931 1546 975 Diodor.
1578 933 1667 976 Sic.

147 989 183 1028 t.
206 988 235 1028 i.
256 1000 301 1040 p.
326 986 365 1027 7.
388 990 432 1027 et
458 984 551 1026 141.
574 998 640 1038 sq.
702 984 836 1028 Haud
868 999 967 1028 raro
986 989 1123 1028 etiam
1143 988 1206 1029 καὶ
1227 989 1271 1029 in
1293 990 1433 1030 altero
1465 991 1666 1032 membro

149 1046 383 1085 omittitur.
445 1042 676 1097 Aristoph.
710 1043 791 1084 AV.
827 1058 867 1085 v.
901 1044 1001 1086 531.
1035 1044 1136 1086 κούδ’
1163 1043 1239 1093 οὖν,
1271 1046 1373 1102 εἴπερ
1407 1053 1536 1090 ταῦτα
1570 1048 1674 1090 δοκεῖ

149 1101 254 1157 δξᾷν,
281 1099 578 1148 Ὀπτησοέμενοι
597 1099 807 1156 παρέθενθ’
844 1104 962 1150 ὑμᾶς,
994 1101 1114 1143 Ἀλλ’
1151 1105 1340 1145 ἐπικνῶσιν
1371 1104 1494 1159 τυρὸν,
1525 1106 1665 1155 ἔλαιον,

146 1176 186 1199 κ.
209 1175 248 1199 τ.
270 1166 311 1199 λ.
372 1156 555 1211 (Addito
574 1158 683 1205 μόνον
704 1160 749 1199 in
768 1160 915 1213 priore
946 1160 1159 1208 membro,
1197 1161 1312 1202 idem
1341 1160 1549 1205 Concion.
1578 1177 1664 1206 ver.

148 1215 251 1259 358.
284 1213 349 1255 καὶ
368 1215 443 1270 «γὰρ
468 1214 552 1256 οὐδὲ
581 1216 695 1258 τοῦτό
713 1234 763 1264 με
780 1215 910 1257 Μόνον
928 1216 973 1258 τὸ
992 1222 1134 1259 λυποῦν
1153 1220 1266 1266 ἐστιν,
1303 1221 1393 1260 ἀλλ’
1417 1220 1508 1262 ὅταν
1536 1222 1665 1274 φάγω,

146 1291 186 1314 κ.
207 1290 246 1314 τ.
266 1274 327 1324 λ.)
357 1271 461 1314 Vid.
491 1271 754 1315 Valckenar.
789 1274 846 1314 ad
877 1273 1076 1329 Euripid.
1112 1274 1293 1330 Hippol.
1328 1290 1372 1330 p.
1404 1276 1504 1320 202.
1537 1279 1576 1320 b.
1608 1279 1667 1321 ad

145 1329 310 1372 Joann.
335 1328 560 1385 Chrysost.
580 1329 708 1373 Orat.
735 1333 766 1373 i.
788 1345 832 1386 p.
854 1345 924 1373 xv,
985 1333 1181 1387 Lennep.
1217 1334 1271 1374 ad
1293 1333 1469 1377 Phalar.
1498 1349 1544 1390 p.
1569 1336 1665 1378 107.

146 1388 248 1431 373.
304 1387 447 1443 Toup.
475 1389 533 1430 ad
564 1386 753 1442 Longin.
786 1403 830 1444 p.
863 1388 959 1431 294.
1019 1389 1110 1432 Ubi
1142 1395 1292 1432 tamen
1326 1393 1561 1445 diligenter
1593 1407 1664 1436 ca-

147 1446 355 1494 vendum,
388 1459 445 1487 ne
474 1447 591 1499 quod
625 1447 723 1501 πρὸς
753 1446 1039 1491 ἀντιδιαστολῆν
1079 1449 1345 1503 simplicitur
1384 1450 1551 1493 dietum
1578 1459 1663 1500 est,

146 1517 229 1559 pro
263 1504 460 1558 elliptico
493 1504 666 1546 dicendi
705 1518 865 1559 genere
901 1506 982 1547 hac
1012 1507 1186 1547 ratione
1225 1507 1443 1561 explendo
1473 1509 1662 1551 habens:

149 1561 266 1614 quod
296 1562 383 1616 ipsi
407 1560 581 1616 Toupio
602 1561 776 1604 videtur
808 1563 1032 1604 accidisse.
1092 1562 1329 1619 (Expressit
1350 1566 1571 1619 partic-ulii.
1601 1567 1666 1608 καῖ

148 1620 196 1661 in
234 1619 478 1674 posteriore
511 1620 724 1669 membro,
746 1621 832 1662 *Sed
871 1620 1037 1662 omissa
1070 1621 1191 1673 (ἑλλοὶ,
1223 1621 1484 1677 Apollonius
1522 1622 1669 1667 Rhod.

147 1678 206 1719 iv.
229 1691 318 1719 ver.
345 1675 468 1719 1674.
499 1679 529 1717 εἴ
560 1677 607 1720 δὴ
633 1678 693 1725 μῆ
714 1680 863 1720 νούσοισι
890 1680 1036 1734 τυπῇσί
1066 1694 1108 1718 τε
1140 1679 1279 1735 λυγρὸς
1305 1679 1461 1735 ὄλεθρος
1477 1680 1665 1730 ’Asea-adea,

146 1734 211 1775 καὶ
245 1734 292 1779 δή
323 1752 381 1776 τις
413 1733 629 1791 ἀπόπροθεν
649 1734 760 1784 ἄμμε
780 1737 1009 1792 χαλέπτει.)
1072 1734 1122 1777 In
1151 1738 1317 1779 talibus
1345 1750 1427 1792 pro
1446 1740 1668 1793 particula

146 1792 255 1833 ἀλλὰ
283 1792 451 1847 passim
485 1793 666 1847 ponitur
687 1793 739 1834 δέ.
799 1792 1011 1835 Lucillius
1031 1792 1185 1847 Epigr.
1213 1796 1292 1836 xii.
1315 1809 1404 1837 ver.
1426 1795 1468 1837 4.
1499 1799 1542 1839 οὐ
1561 1797 1664 1839 κυσὶν

147 1848 354 1899 ἄγνωστος,
387 1855 439 1907 τῇ
475 1850 513 1892 δὲ
547 1851 655 1891 πόλει
689 1854 862 1900 «γέγονας.
893 1852 1009 1904 quod
1037 1857 1154 1894 recte
1175 1853 1490 1907 interpretatur
1508 1853 1666 1896 Jacob-

148 1909 254 1949 sius.
312 1907 465 1962 (Plene
492 1911 534 1949 οὐ
561 1908 1032 1956 μόνον-δὲ-ὖυΠῆηιτε
1065 1923 1111 1964 p.
1141 1909 1182 1951 7.
1207 1909 1258 1952 C.
1285 1909 1351 1951 16.
1377 1910 1427 1952 C.
1445 1910 1516 1953 46.
1538 1911 1592 1953 Α.
1610 1911 1662 1954 Β.

145 1966 401 2018 plenissime
439 1980 485 2022 p.
521 1964 590 2008 46.
627 1971 738 2009 extr.
781 1970 849 2008 οὐκ.
893 1966 1041 2023 ἀνδράσι
1087 1967 1319 2016 μόνον-καὶ
1353 1968 1499 2020 γυναιξὶ
1530 1969 1664 2027 δὲ-.)

147 2021 367 2080 Sonam]

638 2108 662 2132 *
692 2102 942 2155 ΜΟΝΟΣ,
975 2104 1086 2148 SOL
1096 2104 1178 2149 US.

205 2178 424 2232 Adjectivi
455 2181 588 2234 hujus
624 2182 802 2236 ellipsin
838 2182 883 2222 in
919 2184 1071 2222 neutro
1102 2184 1276 2222 tantum
1313 2195 1488 2235 genere,
1525 2194 1666 2234 eoque

147 2236 223 2277 vix
241 2238 326 2278 nisi
349 2239 660 2281 adverbialiter
686 2238 959 2294 explicando,
984 2237 1209 2280 Bossianae
1231 2237 1420 2293 Ellipses
1442 2240 1664 2281 exhibent.
1687 2284 1689 2287 ,

150 2291 347 2336 Occurrit
365 2298 474 2337 mihi
496 2298 634 2345 aliud,
658 2299 704 2339 in
725 2311 814 2351 quo
849 2298 943 2351 ipse
978 2296 1280 2338 nominativus
1302 2298 1412 2345 μόνος
1429 2298 1668 2339 omittitur.

149 2349 215 2392 Ex
255 2350 447 2407 AEschyli
483 2354 744 2408 Agamemn.
780 2370 822 2397 v.
869 2353 991 2396 1653.
1033 2354 1276 2408 depromsit
1317 2355 1426 2396 illud
1465 2355 1668 2396 laudatus

148 2407 358 2451 Abresch.
397 2409 517 2453 Leet.
550 2412 798 2456 Aristaenet.
830 2413 905 2454 lib.
941 2413 990 2453 ii.
1022 2424 1067 2465 p.
1103 2411 1205 2452 225.
1240 2415 1307 2453 οὐκ
1340 2412 1473 2460 αὐτὸς,
1503 2413 1668 2454 scilicet

147 2467 275 2514 μόνος,
296 2468 477 2524 ».’,νοίριζες.
534 2469 636 2511 Vid.
659 2484 698 2512 v.
726 2469 848 2513 1644.
870 2474 914 2511 et
939 2470 1001 2511 ibi
1024 2469 1320 2511 Scholiasten.
1349 2469 1398 2511 F.
1419 2469 1498 2512 ST.
1559 2468 1668 2512 Haec

147 2525 306 2565 vellem
326 2526 392 2566 vir
407 2527 559 2569 doctus
574 2529 808 2571 omisisset.
868 2526 1075 2569 Ceterum
1101 2527 1217 2570 αὐτὸς
1236 2526 1466 2578 ἰσοδυναμεῖν
1483 2533 1537 2585 τῷ
1556 2529 1669 2578 μόνος

148 2584 280 2625 antea
300 2585 466 2626 monui.
499 2584 706 2627 SanEF.

575 2691 850 2741 MOPION,
881 2691 1245 2736 PARTJOULA.

208 2772 375 2829 Supple
412 2775 542 2829 hujus
571 2775 691 2817 vocis
726 2788 876 2817 casum
913 2781 1084 2820 sextum
1110 2778 1228 2834 μορίῳ
1266 2777 1314 2818 in
1347 2778 1493 2832 ἀκαρεῖ,
1522 2779 1674 2833 βραχεῖ

214 2897 306 2930 iHaec
328 2904 497 2940 postrema
517 2898 673 2940 exempla
691 2899 815 2931 rectius
844 2898 879 2932 in
908 2909 914 2917 ²
946 2905 1033 2940 sunt,
1067 2901 1192 2943 rejecta
1213 2900 1365 2933 fuissent.
1410 2901 1566 2934 Ceterum
1588 2900 1666 2935 vide

147 2940 289 2977 classem
303 2943 547 2987 exemplorum,
568 2943 631 2977 ubi
643 2942 807 2977 adverbia
820 2944 876 2977 de·
945 2945 1119 2979 Dukerum
1134 2945 1177 2978 ad
1185 2943 1338 2988 Thucyd·
1353 2942 1400 2978 iv.
1414 2946 1469 2978 92.
1491 2945 1623 2980 Lmen.
