1838 3164
190 144 272 189 152
551 148 624 189 DE
654 147 859 188 ELLIPSI
888 146 959 187 ET
986 144 1325 186 PLEONASMO

188 273 305 310 men,
337 262 454 316 quod
491 275 659 311 casum,
690 262 764 315 qui
801 262 872 302 hic
908 260 1080 311 positus
1120 262 1201 305 est,
1252 261 1406 311 regat:
1450 258 1497 300 in
1535 258 1689 306 altero,

187 332 325 373 quum
346 320 624 371 femininum,
643 333 727 362 non
748 323 951 361 neutrum
971 329 1108 370 genus
1139 315 1384 356 adhibitum
1415 317 1489 363 sit,
1524 319 1691 358 eertum

187 377 377 431 intelligi
402 379 739 426 substantivum,
762 377 892 428 idque
914 376 1082 428 generis
1104 373 1325 420 feminini,
1343 377 1541 428 apparet.
1598 370 1690 417 Cae-

187 437 332 477 terum
355 436 436 478 hoc
465 449 639 490 quoque
657 437 824 478 clarum
857 436 939 480 est,
977 433 1089 474 hanc
1122 431 1411 473 necessariam
1443 430 1694 484 descriptio,-

185 491 255 533 nis
275 497 461 547 partem,
485 494 530 534 in
560 495 684 547 cujus
717 492 951 534 omissione
987 491 1155 544 ellipsis
1192 492 1408 537 versatur,
1444 501 1533 530 non
1563 500 1692 542 posse

186 550 322 591 aliam
356 564 465 602 esse,
494 563 626 604 quam
659 552 804 605 ipsum
837 549 1094 601 subjectum.
1153 546 1271 588 Nam
1307 547 1410 599 quia
1450 546 1694 599 subjectum

140 645 142 648 ,
187 606 376 662 intelligi
399 621 476 662 per
498 622 544 650 se
565 613 609 650 et
642 606 826 660 cogitari
860 609 1018 660 potest,
1054 618 1199 653 nemo,
1235 607 1574 646 commemorato
1595 603 1695 644 sub·

182 663 319 716 jecto,
342 666 607 708 desiderabit
638 665 922 720 praedicatum
941 678 951 704 ε
983 665 1134 705 contra
1154 662 1391 717 praedicato
1409 662 1570 716 posito,
1590 661 1699 714 quia

136 740 141 744 f
187 723 472 775 praedicatum
494 737 583 765 non
601 726 745 779 potest
775 735 854 776 per
889 734 935 762 se
965 720 1171 773 intelligi,
1201 720 1446 761 necessario
1477 719 1698 762 desidera-

97 778 285 823 108mus
313 782 568 834 subJectum.
648 779 751 821 Non
792 783 858 823 est
888 792 994 832 ergo
1034 778 1217 831 ellipsis,
1247 778 1324 818 ubi
1363 777 1407 817 id
1442 789 1619 824 nomen,
1649 777 1698 817 in

184 850 275 890 quo
301 843 369 880 est
387 840 449 880 rei
471 839 724 892 descriptio,
759 838 861 879 licet
890 837 1077 878 formam
1109 835 1268 876 habeat
1300 834 1523 887 adjectivi,
1554 835 1600 876 id
1629 837 1697 875 est

184 896 428 948 praedicati,
467 909 514 937 re
548 900 697 937 tamen
726 908 806 949 pro
841 894 1053 947 subjectO,
1084 893 1129 933 id
1148 897 1214 934 est
1243 893 1383 933 instar
1414 892 1699 939 substantivi,

187 951 388 1002 habetur,
406 954 496 994 sive
517 966 571 994 ex
591 965 690 1000 usu,
707 957 756 993 ut
778 953 824 992 in
844 953 929 1000 his,
962 953 979 991 ὁ
1002 952 1194 1006 ἐρώμενος,
1210 951 1235 993 ἡ
1255 951 1436 1005 ἐρωμένη,
1456 950 1548 991 sive
1563 962 1617 991 ex
1635 949 1700 990 rei

188 1014 365 1056 natura,
395 1014 445 1051 ut
466 1013 483 1050 ὁ
505 1009 661 1058 δίκαιος,
693 1009 737 1049 τὸ
759 1011 888 1051 καλόν.
951 1007 1070 1050 Nam
1099 1008 1146 1050 in
1169 1008 1236 1048 his
1259 1008 1388 1061 plane
1409 1007 1519 1048 nihil
1541 1007 1701 1053 intelli-

186 1065 322 1119 gitur,
344 1071 502 1123 praeter
533 1069 577 1109 id
599 1069 760 1122 ipsum,
779 1068 893 1120 quod
914 1067 984 1108 his
1003 1066 1147 1108 verbis
1170 1066 1433 1116 continetur,
1465 1065 1512 1106 in
1540 1065 1702 1117 quibus

187 1137 327 1177 genus
361 1138 557 1179 personae
598 1126 706 1166 satis
747 1126 846 1179 ipsa
878 1126 1107 1167 nominum
1136 1123 1280 1165 forma
1312 1122 1545 1171 indicatur.
1605 1120 1705 1164 Fre-

187 1183 479 1234 quentissima
500 1183 590 1224 haec
612 1184 727 1234 ratio
747 1187 829 1231 est,
852 1183 897 1224 in
921 1195 1078 1236 genere
1108 1185 1281 1229 neutro,
1311 1180 1359 1222 in
1389 1193 1478 1234 quo
1495 1180 1574 1234 qui
1609 1180 1704 1222 ubi-

185 1251 274 1291 que
293 1243 421 1296 μέρος,
451 1243 641 1296 πρᾶγμα,
675 1243 818 1296 χρῆμα
839 1241 1112 1294 intelligunt,
1134 1252 1222 1280 non
1253 1239 1399 1280 minus
1428 1239 1568 1293 inepti
1585 1241 1704 1287 sunt,

187 1309 320 1349 quam
340 1299 414 1352 qui
445 1301 583 1347 γαμεῖν
603 1302 647 1340 et
678 1296 891 1346 «γαμεῖσθαι
925 1311 1004 1352 per
1025 1297 1199 1350 ellipsin
1219 1297 1305 1338 dici
1333 1299 1494 1350 putant
1523 1309 1604 1350 pro
1631 1313 1704 1344 γα-

186 1358 271 1403 μεῖν
303 1358 481 1404 Ὑυναῗκα,
512 1354 724 1404 ’γαμεῖσθαι
754 1355 868 1410 ἀνδρί.
929 1355 986 1396 Et
1022 1356 1067 1396 hi
1103 1367 1190 1406 qua
1220 1354 1398 1395 tandem
1417 1353 1561 1407 ellipsi
1592 1353 1703 1395 talia

189 1413 491 1466 explicabunt.
521 1417 571 1453 ut
605 1413 649 1452 τὸ
684 1410 739 1459 εὖ,
772 1412 816 1452 τὸ
844 1413 1024 1466 χαίρεινῖ
1084 1410 1223 1452 Immo
1255 1423 1391 1464 genus
1424 1413 1625 1451 neutrum
1657 1410 1705 1451 in

191 1467 528 1522 Graecalingua,
549 1473 599 1509 ut
629 1470 674 1510 in
693 1469 794 1510 aliis
822 1470 984 1522 linguis
1018 1469 1233 1516 omnibus,
1265 1468 1330 1509 rei
1365 1467 1609 1509 indicandae
1640 1467 1705 1508 in·-

193 1527 348 1576 servit,
370 1539 501 1578 quam
533 1530 611 1568 aut
635 1527 852 1575 nolumus,
874 1530 951 1568 aut
981 1540 1068 1567 non
1096 1538 1324 1580 possumus
1358 1525 1518 1566 clarius
1550 1525 1708 1566 descri-

193 1582 312 1625 bere.
375 1582 502 1631 Quod
525 1584 560 1625 si
590 1583 808 1625 interdum
847 1586 975 1638 μέρος,
1006 1586 1194 1638 πρᾶγμα,
1226 1585 1370 1638 χρῆμα
1405 1582 1556 1624 addita
1574 1594 1708 1636 ·repe-‚

194 1641 387 1690 riuntur,
428 1642 474 1682 id
518 1653 605 1682 non
645 1645 712 1681 est
748 1645 1028 1693 argumento,
1070 1641 1145 1681 ubi
1193 1641 1284 1681 haec
1324 1640 1505 1681 nomina
1545 1639 1708 1688 absint,

192 1699 357 1739 omissa
378 1711 486 1748 esse,
508 1699 582 1740 sed
597 1699 737 1751 magis
753 1699 962 1746 ostendit,
979 1698 1090 1739 alias
1104 1710 1284 1752 prorsus
1301 1711 1396 1739 esse
1412 1698 1707 1750 loquutiones‚

193 1755 270 1796 ubi
288 1755 342 1796 iis
363 1756 525 1796 additis
546 1769 614 1796 res
652 1756 814 1797 certius
842 1756 1120 1803 describitur,
1156 1755 1282 1804 alias,
1321 1755 1394 1796 ubi
1431 1767 1517 1797 non
1547 1755 1734 1809 positis(

194 1813 342 1854 minus
361 1813 542 1854 definita
564 1817 631 1854 est
650 1814 808 1854 oratio.
870 1812 986 1854 Nam
1018 1813 1134 1854 haud
1155 1826 1256 1854 raro
1286 1824 1340 1854 ne
1360 1815 1504 1866 potest
1530 1812 1709 1865 quidem

195 1874 274 1911 aut
295 1871 449 1912 horum
470 1871 698 1912 nominum
719 1871 908 1924 intelligi
932 1871 1088 1919 ullum,
1111 1874 1188 1912 aut
1219 1871 1354 1923 aliud,
1382 1870 1519 1911 veluti
1539 1871 1585 1911 in
1610 1870 1708 1919 hoc,

198 1926 243 1967 τὸ
264 1934 420 1984 σῶφρον,
434 1929 552 1982 quod
573 1934 639 1971 est
656 1932 673 1968 ὅ
694 1946 729 1968 τι
752 1930 891 1984 σῶφρόν
912 1930 1022 1970 ἐστιν.
1674 1948 1681 1962 ·=

270 1984 450 2027 Dictum
486 1989 550 2028 est
580 1987 633 2028 de
667 1987 824 2040 copula
855 1990 900 2027 et
931 1987 1144 2040 subjecto.
1215 1985 1472 2028 Accedimus
1505 1999 1621 2029 nunc
1655 1986 1712 2028 ad

110 2047 185 2092 '109
199 2044 496 2096 praedicatum.
574 2042 669 2085 Hoc
698 2057 799 2086 vero
824 2057 903 2098 per
929 2045 1104 2098 ellipsin
1137 2045 1283 2086 omitti
1318 2045 1440 2097 nullo
1473 2048 1602 2098 pacto
1634 2057 1712 2099 po-

198 2106 300 2142 test.
360 2101 478 2143 Nam
514 2114 652 2155 quum
685 2102 827 2143 omnis
862 2103 1082 2143 sententia
1120 2103 1235 2143 hunc
1279 2102 1410 2142 finem
1452 2102 1629 2149 habeat,
1660 2106 1712 2144 ut

200 2158 463 2213 praedicetur
492 2159 661 2212 aliquid
694 2160 747 2200 de
780 2160 929 2213 aliqua
964 2173 1026 2207 re,
1068 2164 1269 2214 apertum
1299 2163 1378 2210 est,
1411 2173 1508 2200 eam
1546 2160 1712 2201 nullam

201 2229 378 2270 prorsus
406 2217 602 2258 futuram
623 2230 717 2258 esse
739 2218 1020 2265 sententiam,
1041 2230 1128 2269 qua
1157 2218 1210 2258 de
1238 2217 1388 2270 aliqua
1403 2230 1448 2258 re
1469 2217 1579 2261 nihil
1603 2221 1731 2271 prae-'

202 2274 438 2315 dicaretur.
498 2273 652 2327 Itaque
687 2275 733 2315 in
767 2278 895 2315 tanta
924 2275 1205 2317 multitudine
1237 2275 1477 2325 nominum,
1501 2287 1598 2327 quae
1634 2288 1713 2328 per

202 2332 376 2385 ellipsin
408 2337 484 2373 aut
511 2345 610 2373 vere
640 2333 918 2380 omittuntur,
960 2337 1038 2374 aut
1070 2334 1215 2374 omitti
1253 2345 1381 2386 posse
1419 2333 1571 2373 multis
1616 2333 1714 2374 visa.

204 2391 323 2435 sunt,
352 2389 513 2430 mirum
532 2394 596 2431 est
616 2394 781 2437 tamen,
804 2403 936 2445 quam
957 2402 1097 2444 pauca
1125 2391 1341 2444 adjectiva
1359 2390 1425 2431 vel
1447 2391 1503 2431 ab
1523 2389 1608 2441 his,
1636 2391 1718 2445 qui<

201 2445 366 2501 ubique
401 2447 575 2501 ellipsin
612 2450 844 2489 commenti
877 2452 995 2495 sunt,
1032 2448 1079 2488 in
1126 2449 1240 2488 hunc
1280 2459 1511 2488 numerum
1554 2447 1712 2488 referri

201 2505 441 2556 potuerint.
529 2503 734 2552 Quorum.
766 2506 1076 2558 adjectivorum
1117 2519 1204 2546 non
1242 2509 1308 2545 est
1344 2505 1430 2546 nisi
1469 2517 1624 2552 unum,
1665 2505 1712 2546 in

202 2573 289 2614 quo
305 2562 580 2611 agnoscenda
602 2566 715 2603 esset
734 2563 918 2615 ellipsis,
954 2563 1038 2603 nisi
1071 2563 1151 2604 hoc
1182 2576 1352 2618 quoque
1386 2575 1475 2604 non
1513 2563 1569 2603 ab
1602 2563 1713 2617 ipsis

202 2617 502 2670 scriptoribus,
533 2619 608 2659 sed
645 2619 700 2660 ab
734 2620 926 2661 librariis
958 2622 1167 2662 omissum
1203 2624 1334 2667 esset,
1367 2619 1516 2661 ἁπαλὸν
1535 2620 1633 2661 dico
1664 2620 1711 2660 in

200 2674 389 2715 formula
408 2674 448 2723 ἐξ
469 2678 630 2728 ὀνύχων,
661 2690 790 2732 quam
828 2678 1061 2718 formulam
1093 2693 1162 2720 res
1201 2680 1297 2733 ipsa
1326 2679 1452 2719 docet
1477 2678 1712 2719 absurdam

201 2745 310 2780 esse,
346 2732 431 2772 nisi
464 2733 660 2773 disertim
688 2735 950 2787 adjectivum
988 2736 1185 2778 addatur.
1247 2735 1371 2783 Quod
1408 2736 1444 2776 si
1481 2737 1569 2776 hoec
1607 2747 1712 2776 vera

202 2794 317 2836 sunt,
339 2794 492 2843 sponte
512 2791 787 2843 intelligitur,
824 2805 909 2832 non
933 2794 1058 2834 modo
1089 2794 1294 2847 adjectivi
1328 2794 1392 2834 vel
1429 2805 1713 2848 quaecumque

199 2847 381 2888 nomina
400 2847 624 2900 praedicati
647 2850 786 2889 officio
816 2849 1079 2902 funguntur,
1115 2852 1190 2892 sed
1211 2864 1268 2892 ne
1299 2850 1493 2892 adverbii
1517 2850 1712 2905 quidem,

198 2909 275 2946 aut
320 2905 658 2959 praepositioniS,
711 2911 788 2946 aut
829 2908 1156 2960 conjunctionis
1207 2909 1385 2962 ellipsin
1423 2920 1518 2949 esse
1568 2908 1718 2948 ullam.

197 2959 372 3004 Etenim
406 2961 510 3018 quid
549 2962 668 3004 aliud
701 2967 818 3012 sunt,
851 2978 942 3020 quae
972 2967 1197 3025 particulae
1228 2968 1453 3015 vocantur,
1487 2978 1618 3023 quam
1639 2977 1715 3014 vos
