<?xml version="1.0" encoding="UTF-8"?>
<!DOCTYPE html PUBLIC "-//W3C//DTD XHTML 1.0 Transitional//EN"
    "http://www.w3.org/TR/xhtml1/DTD/xhtml1-transitional.dtd">
<html xmlns="http://www.w3.org/1999/xhtml" xml:lang="en" lang="en">
 <head>
  <title>
</title>
<meta http-equiv="Content-Type" content="text/html;charset=utf-8" />
  <meta name='ocr-system' content='tesseract 3.04.00' />
  <meta name='ocr-capabilities' content='ocr_page ocr_carea ocr_par ocr_line ocrx_word'/>
</head>
<body>
  <div class='ocr_page' id='page_1' title='image "./ellipsesgraecaec00bosluoft_0819.png"; bbox 0 0 1838 3164; ppageno 0'>
   <div class='ocr_carea' id='block_1_1' title="bbox 459 156 1667 207">
    <p class='ocr_par' dir='ltr' id='par_1_1' title="bbox 459 156 1667 207">
     <span class='ocr_line' id='line_1_1' title="bbox 459 156 1667 207; baseline 0.002 -9"><span class='ocrx_word' id='word_1_1' title='bbox 459 156 785 207; x_wconf 85' lang='lat' dir='ltr'><strong>QUIBUSDAM</strong></span> <span class='ocrx_word' id='word_1_2' title='bbox 809 156 1121 199; x_wconf 69' lang='lat' dir='ltr'><strong>VERBORUM</strong></span> <span class='ocrx_word' id='word_1_3' title='bbox 1146 157 1363 199; x_wconf 76' lang='lat' dir='ltr'><strong>Fonffls.</strong></span> <span class='ocrx_word' id='word_1_4' title='bbox 1576 156 1667 201; x_wconf 81' lang='lat'><strong>213</strong></span> 
     </span>
    </p>
   </div>
   <div class='ocr_carea' id='block_1_2' title="bbox 140 269 1746 671">
    <p class='ocr_par' dir='ltr' id='par_1_2' title="bbox 140 269 1660 372">
     <span class='ocr_line' id='line_1_2' title="bbox 140 269 1660 327; baseline 0.002 -15"><span class='ocrx_word' id='word_1_5' title='bbox 140 269 278 320; x_wconf 71' lang='lat' dir='ltr'><strong>abiit,</strong></span> <span class='ocrx_word' id='word_1_6' title='bbox 308 272 357 314; x_wconf 87' lang='lat' dir='ltr'><strong>in</strong></span> <span class='ocrx_word' id='word_1_7' title='bbox 374 271 636 327; x_wconf 80' lang='lat' dir='ltr'><strong>fragmentis</strong></span> <span class='ocrx_word' id='word_1_8' title='bbox 655 272 791 317; x_wconf 81' lang='lat' dir='ltr'><strong>etiam</strong></span> <span class='ocrx_word' id='word_1_9' title='bbox 825 270 882 313; x_wconf 86' lang='lat' dir='ltr'><strong>ab</strong></span> <span class='ocrx_word' id='word_1_10' title='bbox 901 270 1220 325; x_wconf 34' lang='lat' dir='ltr'><strong>&lt;ignorantibus</strong></span> <span class='ocrx_word' id='word_1_11' title='bbox 1244 272 1352 314; x_wconf 88' lang='lat' dir='ltr'><strong>illud</strong></span> <span class='ocrx_word' id='word_1_12' title='bbox 1371 271 1565 314; x_wconf 87' lang='lat' dir='ltr'><strong>librariis</strong></span> <span class='ocrx_word' id='word_1_13' title='bbox 1583 273 1660 315; x_wconf 90' lang='lat' dir='ltr'><strong>ob-</strong></span> 
     </span>
     <span class='ocr_line' id='line_1_3' title="bbox 143 329 1613 372; baseline -0.008 0"><span class='ocrx_word' id='word_1_14' title='bbox 143 329 401 372; x_wconf 70' lang='lat' dir='ltr'><strong>litteratum.</strong></span> <span class='ocrx_word' id='word_1_15' title='bbox 469 350 613 367; x_wconf 46' lang='grc' dir='ltr'><strong><em>ε</em></strong></span> <span class='ocrx_word' id='word_1_16' title='bbox 870 347 903 353; x_wconf 20' lang='grc' dir='ltr'><strong>«Δ</strong></span> <span class='ocrx_word' id='word_1_17' title='bbox 981 344 1088 367; x_wconf 54' lang='lat' dir='ltr'><strong>»zv</strong></span> <span class='ocrx_word' id='word_1_18' title='bbox 1353 359 1386 363; x_wconf 11' lang='lat' dir='ltr'><strong>a.</strong></span> <span class='ocrx_word' id='word_1_19' title='bbox 1524 359 1526 361; x_wconf 76' lang='grc'><strong>,</strong></span> <span class='ocrx_word' id='word_1_20' title='bbox 1608 346 1613 352; x_wconf 66' lang='lat'>‚</span> 
     </span>
    </p>

    <p class='ocr_par' dir='ltr' id='par_1_3' title="bbox 140 384 1746 671">
     <span class='ocr_line' id='line_1_4' title="bbox 140 384 1658 441; baseline 0.004 -17"><span class='ocrx_word' id='word_1_21' title='bbox 140 409 147 424; x_wconf 66' lang='lat'>2</span> <span class='ocrx_word' id='word_1_22' title='bbox 169 419 178 425; x_wconf 77' lang='grc'><em>.</em></span> <span class='ocrx_word' id='word_1_23' title='bbox 201 385 392 429; x_wconf 77' lang='lat' dir='ltr'><strong>Omnem</strong></span> <span class='ocrx_word' id='word_1_24' title='bbox 421 390 569 430; x_wconf 86' lang='lat' dir='ltr'><strong>autem</strong></span> <span class='ocrx_word' id='word_1_25' title='bbox 604 386 658 429; x_wconf 92' lang='lat' dir='ltr'><strong>de</strong></span> <span class='ocrx_word' id='word_1_26' title='bbox 691 387 775 429; x_wconf 87' lang='lat' dir='ltr'><strong>hac</strong></span> <span class='ocrx_word' id='word_1_27' title='bbox 803 387 948 429; x_wconf 85' lang='lat' dir='ltr'><strong>forma</strong></span> <span class='ocrx_word' id='word_1_28' title='bbox 963 416 965 419; x_wconf 89' lang='lat'>-</span> <span class='ocrx_word' id='word_1_29' title='bbox 980 384 1299 428; x_wconf 77' lang='lat' dir='ltr'><strong>dubitationem</strong></span> <span class='ocrx_word' id='word_1_30' title='bbox 1334 387 1441 429; x_wconf 87' lang='lat' dir='ltr'><strong>mihi</strong></span> <span class='ocrx_word' id='word_1_31' title='bbox 1478 388 1658 441; x_wconf 88' lang='lat' dir='ltr'><strong>quidem</strong></span> 
     </span>
     <span class='ocr_line' id='line_1_5' title="bbox 142 444 1654 499; baseline 0.001 -13"><span class='ocrx_word' id='word_1_32' title='bbox 142 445 302 488; x_wconf 79' lang='lat' dir='ltr'><strong>eximit</strong></span> <span class='ocrx_word' id='word_1_33' title='bbox 320 445 656 498; x_wconf 79' lang='lat' dir='ltr'><strong>alteragemina</strong></span> <span class='ocrx_word' id='word_1_34' title='bbox 672 447 743 485; x_wconf 73' lang='grc' dir='ltr'><strong><em>πῖν.</em></strong></span> <span class='ocrx_word' id='word_1_35' title='bbox 755 457 836 499; x_wconf 91' lang='lat' dir='ltr'><strong>pro</strong></span> <span class='ocrx_word' id='word_1_36' title='bbox 848 447 964 492; x_wconf 81' lang='grc' dir='ltr'><strong><em>πιεῖν,</em></strong></span> <span class='ocrx_word' id='word_1_37' title='bbox 993 455 1126 498; x_wconf 76' lang='lat' dir='ltr'><strong>quam</strong></span> <span class='ocrx_word' id='word_1_38' title='bbox 1145 457 1170 485; x_wconf 91' lang='lat' dir='ltr'><strong>e</strong></span> <span class='ocrx_word' id='word_1_39' title='bbox 1186 444 1360 498; x_wconf 87' lang='lat' dir='ltr'><strong>plebeio</strong></span> <span class='ocrx_word' id='word_1_40' title='bbox 1394 444 1546 487; x_wconf 83' lang='lat' dir='ltr'><strong>itidem</strong></span> <span class='ocrx_word' id='word_1_41' title='bbox 1564 459 1654 488; x_wconf 88' lang='lat' dir='ltr'><strong>ser-</strong></span> 
     </span>
     <span class='ocr_line' id='line_1_6' title="bbox 141 500 1746 567; baseline 0.002 -24"><span class='ocrx_word' id='word_1_42' title='bbox 141 513 272 544; x_wconf 86' lang='lat' dir='ltr'><strong>mone</strong></span> <span class='ocrx_word' id='word_1_43' title='bbox 300 502 350 545; x_wconf 79' lang='lat' dir='ltr'><strong>in</strong></span> <span class='ocrx_word' id='word_1_44' title='bbox 387 502 582 559; x_wconf 80' lang='lat' dir='ltr'><strong>facetum</strong></span> <span class='ocrx_word' id='word_1_45' title='bbox 617 502 892 557; x_wconf 83' lang='lat' dir='ltr'><strong>epigramma</strong></span> <span class='ocrx_word' id='word_1_46' title='bbox 920 500 1035 557; x_wconf 82' lang='grc'>(28)-</span> <span class='ocrx_word' id='word_1_47' title='bbox 1054 501 1285 556; x_wconf 80' lang='lat' dir='ltr'><strong>adoptavit</strong></span> <span class='ocrx_word' id='word_1_48' title='bbox 1324 501 1580 551; x_wconf 75' lang='lat' dir='ltr'><strong>Lucz&#39;llius,:.</strong></span> <span class='ocrx_word' id='word_1_49' title='bbox 1597 503 1746 567; x_wconf 79' lang='lat' dir='ltr'><strong>de243</strong></span> 
     </span>
     <span class='ocr_line' id='line_1_7' title="bbox 144 557 1654 615; baseline 0.001 -14"><span class='ocrx_word' id='word_1_50' title='bbox 144 560 336 603; x_wconf 84' lang='lat' dir='ltr'><strong>horridis</strong></span> <span class='ocrx_word' id='word_1_51' title='bbox 355 560 617 613; x_wconf 87' lang='lat' dir='ltr'><strong>quibusdam</strong></span> <span class='ocrx_word' id='word_1_52' title='bbox 637 559 938 613; x_wconf 85' lang='lat' dir='ltr'><strong>grammaticis</strong></span> <span class='ocrx_word' id='word_1_53' title='bbox 971 559 1267 615; x_wconf 35' lang='lat' dir='ltr'><strong>ita-*loqueum</strong></span> <span class='ocrx_word' id='word_1_54' title='bbox 1297 557 1377 601; x_wconf 77' lang='grc' dir='ltr'><strong>Οἲς</strong></span> <span class='ocrx_word' id='word_1_55' title='bbox 1408 563 1654 610; x_wconf 69' lang='grc' dir='ltr'>οὐάὥμμα</span> 
     </span>
     <span class='ocr_line' id='line_1_8' title="bbox 144 616 1657 671; baseline 0.002 -13"><span class='ocrx_word' id='word_1_56' title='bbox 144 619 283 668; x_wconf 72' lang='grc' dir='ltr'><strong><em>λέγειν,</em></strong></span> <span class='ocrx_word' id='word_1_57' title='bbox 313 621 356 660; x_wconf 77' lang='grc' dir='ltr'><strong>οὐ</strong></span> <span class='ocrx_word' id='word_1_58' title='bbox 389 622 459 659; x_wconf 75' lang='grc' dir='ltr'><strong><em>ωῖν</em></strong></span> <span class='ocrx_word' id='word_1_59' title='bbox 491 619 614 671; x_wconf 83' lang='grc' dir='ltr'><strong><em>φίλον.</em></strong></span> <span class='ocrx_word' id='word_1_60' title='bbox 675 616 742 659; x_wconf 92' lang='lat' dir='ltr'><strong>Ad</strong></span> <span class='ocrx_word' id='word_1_61' title='bbox 770 630 900 670; x_wconf 92' lang='lat' dir='ltr'><strong>quem</strong></span> <span class='ocrx_word' id='word_1_62' title='bbox 918 629 1090 659; x_wconf 85' lang='lat' dir='ltr'><strong>versum</strong></span> <span class='ocrx_word' id='word_1_63' title='bbox 1125 631 1150 659; x_wconf 93' lang='lat' dir='ltr'><strong>e</strong></span> <span class='ocrx_word' id='word_1_64' title='bbox 1169 617 1319 659; x_wconf 88' lang='lat' dir='ltr'><strong>codice</strong></span> <span class='ocrx_word' id='word_1_65' title='bbox 1350 616 1454 659; x_wconf 85' lang='lat' dir='ltr'><strong>vat.</strong></span> <span class='ocrx_word' id='word_1_66' title='bbox 1474 623 1657 662; x_wconf 85' lang='lat' dir='ltr'><strong>enotata</strong></span> 
     </span>
    </p>
   </div>
   <div class='ocr_carea' id='block_1_3' title="bbox 72 675 1655 731">
    <p class='ocr_par' dir='ltr' id='par_1_4' title="bbox 72 675 1655 731">
     <span class='ocr_line' id='line_1_9' title="bbox 72 675 1655 731; baseline 0.001 -15"><span class='ocrx_word' id='word_1_67' title='bbox 72 684 78 691; x_wconf 89' lang='lat'><em>·</em></span> <span class='ocrx_word' id='word_1_68' title='bbox 145 679 215 716; x_wconf 87' lang='lat' dir='ltr'><strong>est</strong></span> <span class='ocrx_word' id='word_1_69' title='bbox 233 675 454 731; x_wconf 85' lang='lat' dir='ltr'><strong>scriptura</strong></span> <span class='ocrx_word' id='word_1_70' title='bbox 471 678 571 722; x_wconf 80' lang='grc' dir='ltr'><strong><em>πεῖν,</em></strong></span> <span class='ocrx_word' id='word_1_71' title='bbox 601 678 768 716; x_wconf 86' lang='lat' dir='ltr'><strong>veteres</strong></span> <span class='ocrx_word' id='word_1_72' title='bbox 789 679 936 717; x_wconf 90' lang='lat' dir='ltr'><strong>autem</strong></span> <span class='ocrx_word' id='word_1_73' title='bbox 966 676 1124 728; x_wconf 86' lang='lat' dir='ltr'><strong>glossae</strong></span> <span class='ocrx_word' id='word_1_74' title='bbox 1148 675 1488 730; x_wconf 85' lang='lat' dir='ltr'><strong>explicationem</strong></span> <span class='ocrx_word' id='word_1_75' title='bbox 1522 676 1655 718; x_wconf 86' lang='lat' dir='ltr'><strong>dant:</strong></span> 
     </span>
    </p>
   </div>
   <div class='ocr_carea' id='block_1_4' title="bbox 146 731 1660 845">
    <p class='ocr_par' dir='ltr' id='par_1_5' title="bbox 146 731 1660 845">
     <span class='ocr_line' id='line_1_10' title="bbox 146 731 1659 788; baseline 0.002 -15"><span class='ocrx_word' id='word_1_76' title='bbox 146 731 233 773; x_wconf 71' lang='grc' dir='ltr'><strong><em>ἀντὶ</em></strong></span> <span class='ocrx_word' id='word_1_77' title='bbox 252 737 320 775; x_wconf 78' lang='grc' dir='ltr'><strong>τοῦ</strong></span> <span class='ocrx_word' id='word_1_78' title='bbox 337 734 463 774; x_wconf 76' lang='grc' dir='ltr'><strong><em>πίνειν.</em></strong></span> <span class='ocrx_word' id='word_1_79' title='bbox 522 731 680 774; x_wconf 89' lang='lat' dir='ltr'><strong>Mirari</strong></span> <span class='ocrx_word' id='word_1_80' title='bbox 712 733 889 788; x_wconf 91' lang='lat' dir='ltr'><strong>quidem</strong></span> <span class='ocrx_word' id='word_1_81' title='bbox 918 734 1078 787; x_wconf 89' lang='lat' dir='ltr'><strong>possis,</strong></span> <span class='ocrx_word' id='word_1_82' title='bbox 1108 745 1187 774; x_wconf 89' lang='lat' dir='ltr'><strong>cur</strong></span> <span class='ocrx_word' id='word_1_83' title='bbox 1203 731 1376 785; x_wconf 89' lang='lat' dir='ltr'><strong>gemina</strong></span> <span class='ocrx_word' id='word_1_84' title='bbox 1394 733 1538 775; x_wconf 88' lang='lat' dir='ltr'><strong>dicam</strong></span> <span class='ocrx_word' id='word_1_85' title='bbox 1568 734 1659 776; x_wconf 86' lang='lat' dir='ltr'><strong>haec</strong></span> 
     </span>
     <span class='ocr_line' id='line_1_11' title="bbox 146 790 1660 845; baseline 0.001 -14"><span class='ocrx_word' id='word_1_86' title='bbox 146 794 218 842; x_wconf 80' lang='grc' dir='ltr'><strong><em>φΰν</em></strong></span> <span class='ocrx_word' id='word_1_87' title='bbox 234 795 281 832; x_wconf 90' lang='lat' dir='ltr'><strong>et</strong></span> <span class='ocrx_word' id='word_1_88' title='bbox 298 793 385 838; x_wconf 70' lang='grc' dir='ltr'><strong><em>πῖν,</em></strong></span> <span class='ocrx_word' id='word_1_89' title='bbox 416 802 516 832; x_wconf 91' lang='lat' dir='ltr'><strong>cum</strong></span> <span class='ocrx_word' id='word_1_90' title='bbox 545 790 673 838; x_wconf 89' lang='lat' dir='ltr'><strong>illud,</strong></span> <span class='ocrx_word' id='word_1_91' title='bbox 704 792 741 831; x_wconf 89' lang='lat' dir='ltr'><strong>si</strong></span> <span class='ocrx_word' id='word_1_92' title='bbox 778 791 966 845; x_wconf 86' lang='lat' dir='ltr'><strong>probum</strong></span> <span class='ocrx_word' id='word_1_93' title='bbox 999 790 1073 838; x_wconf 90' lang='lat' dir='ltr'><strong>sit,</strong></span> <span class='ocrx_word' id='word_1_94' title='bbox 1104 803 1181 845; x_wconf 89' lang='lat' dir='ltr'><strong>per</strong></span> <span class='ocrx_word' id='word_1_95' title='bbox 1211 803 1435 844; x_wconf 84' lang='lat' dir='ltr'><strong>apocopen</strong></span> <span class='ocrx_word' id='word_1_96' title='bbox 1473 804 1499 832; x_wconf 92' lang='lat' dir='ltr'><strong>e</strong></span> <span class='ocrx_word' id='word_1_97' title='bbox 1533 796 1660 844; x_wconf 79' lang='grc' dir='ltr'><strong><em>φῦναι,</em></strong></span> 
     </span>
    </p>
   </div>
   <div class='ocr_carea' id='block_1_5' title="bbox 82 846 1658 902">
    <p class='ocr_par' dir='ltr' id='par_1_6' title="bbox 82 846 1658 902">
     <span class='ocr_line' id='line_1_12' title="bbox 82 846 1658 902; baseline 0.002 -14"><span class='ocrx_word' id='word_1_98' title='bbox 82 864 88 876; x_wconf 75' lang='lat'><strong><em>¹</em></strong></span> <span class='ocrx_word' id='word_1_99' title='bbox 145 847 230 888; x_wconf 84' lang='lat' dir='ltr'><strong>hoe</strong></span> <span class='ocrx_word' id='word_1_100' title='bbox 265 860 347 902; x_wconf 90' lang='lat' dir='ltr'><strong>per</strong></span> <span class='ocrx_word' id='word_1_101' title='bbox 383 860 602 902; x_wconf 84' lang='lat' dir='ltr'><strong>syncopen</strong></span> <span class='ocrx_word' id='word_1_102' title='bbox 641 861 665 889; x_wconf 91' lang='lat' dir='ltr'><strong>e</strong></span> <span class='ocrx_word' id='word_1_103' title='bbox 695 851 791 889; x_wconf 81' lang='grc' dir='ltr'><strong><em>πιεῖν</em></strong></span> <span class='ocrx_word' id='word_1_104' title='bbox 822 852 977 890; x_wconf 86' lang='lat' dir='ltr'><strong>natum</strong></span> <span class='ocrx_word' id='word_1_105' title='bbox 1013 849 1088 889; x_wconf 91' lang='lat' dir='ltr'><strong>sit.</strong></span> <span class='ocrx_word' id='word_1_106' title='bbox 1147 846 1312 889; x_wconf 88' lang='lat' dir='ltr'><strong>Verum</strong></span> <span class='ocrx_word' id='word_1_107' title='bbox 1344 848 1390 889; x_wconf 91' lang='lat' dir='ltr'><strong>ni</strong></span> <span class='ocrx_word' id='word_1_108' title='bbox 1424 862 1563 891; x_wconf 87' lang='lat' dir='ltr'><strong>caecus</strong></span> <span class='ocrx_word' id='word_1_109' title='bbox 1589 849 1658 891; x_wconf 82' lang='lat' dir='ltr'><strong>fui</strong></span> 
     </span>
    </p>
   </div>
   <div class='ocr_carea' id='block_1_6' title="bbox 142 905 1755 1935">
    <p class='ocr_par' dir='ltr' id='par_1_7' title="bbox 142 905 1755 1866">
     <span class='ocr_line' id='line_1_13' title="bbox 145 905 1662 960; baseline 0.002 -15"><span class='ocrx_word' id='word_1_110' title='bbox 145 916 333 958; x_wconf 82' lang='lat' dir='ltr'><strong>semper,</strong></span> <span class='ocrx_word' id='word_1_111' title='bbox 364 905 608 948; x_wconf 86' lang='lat' dir='ltr'><strong>luculenter</strong></span> <span class='ocrx_word' id='word_1_112' title='bbox 625 906 832 960; x_wconf 86' lang='lat' dir='ltr'><strong>probasse</strong></span> <span class='ocrx_word' id='word_1_113' title='bbox 851 906 959 947; x_wconf 91' lang='lat' dir='ltr'><strong>mihi</strong></span> <span class='ocrx_word' id='word_1_114' title='bbox 982 906 1132 947; x_wconf 89' lang='lat' dir='ltr'><strong>videor</strong></span> <span class='ocrx_word' id='word_1_115' title='bbox 1159 905 1205 947; x_wconf 92' lang='lat' dir='ltr'><strong>in</strong></span> <span class='ocrx_word' id='word_1_116' title='bbox 1236 907 1525 960; x_wconf 85' lang='lat' dir='ltr'><strong>grammatica</strong></span> <span class='ocrx_word' id='word_1_117' title='bbox 1560 919 1662 948; x_wconf 88' lang='lat' dir='ltr'><strong>mea</strong></span> 
     </span>
     <span class='ocr_line' id='line_1_14' title="bbox 146 960 1661 1020; baseline 0.001 -17"><span class='ocrx_word' id='word_1_118' title='bbox 146 960 211 1015; x_wconf 88' lang='lat' dir='ltr'><strong>(p.</strong></span> <span class='ocrx_word' id='word_1_119' title='bbox 232 961 334 1012; x_wconf 85' lang='lat'><strong>247,</strong></span> <span class='ocrx_word' id='word_1_120' title='bbox 354 962 495 1017; x_wconf 54' lang='lat'><strong>2480,</strong></span> <span class='ocrx_word' id='word_1_121' title='bbox 525 977 580 1004; x_wconf 87' lang='lat' dir='ltr'><strong>ex</strong></span> <span class='ocrx_word' id='word_1_122' title='bbox 607 963 854 1017; x_wconf 88' lang='lat' dir='ltr'><strong>hujusmodi</strong></span> <span class='ocrx_word' id='word_1_123' title='bbox 889 976 1074 1017; x_wconf 87' lang='lat' dir='ltr'><strong>syncope</strong></span> <span class='ocrx_word' id='word_1_124' title='bbox 1109 966 1260 1004; x_wconf 82' lang='lat' dir='ltr'><strong>natam</strong></span> <span class='ocrx_word' id='word_1_125' title='bbox 1290 976 1384 1004; x_wconf 91' lang='lat' dir='ltr'><strong>esse</strong></span> <span class='ocrx_word' id='word_1_126' title='bbox 1405 963 1526 1005; x_wconf 89' lang='lat' dir='ltr'><strong>illam</strong></span> <span class='ocrx_word' id='word_1_127' title='bbox 1554 977 1661 1020; x_wconf 89' lang='lat' dir='ltr'><strong>quo·</strong></span> 
     </span>
     <span class='ocr_line' id='line_1_15' title="bbox 142 1019 1661 1075; baseline 0.002 -15"><span class='ocrx_word' id='word_1_128' title='bbox 142 1019 330 1061; x_wconf 87' lang='lat' dir='ltr'><strong>rundam</strong></span> <span class='ocrx_word' id='word_1_129' title='bbox 345 1021 577 1062; x_wconf 85' lang='lat' dir='ltr'><strong>verborum</strong></span> <span class='ocrx_word' id='word_1_130' title='bbox 598 1022 690 1062; x_wconf 85' lang='lat' dir='ltr'><strong>sive</strong></span> <span class='ocrx_word' id='word_1_131' title='bbox 706 1022 937 1063; x_wconf 80' lang='lat' dir='ltr'><strong>verborum</strong></span> <span class='ocrx_word' id='word_1_132' title='bbox 956 1020 1151 1075; x_wconf 87' lang='lat' dir='ltr'><strong>partium</strong></span> <span class='ocrx_word' id='word_1_133' title='bbox 1172 1020 1497 1069; x_wconf 87' lang='lat' dir='ltr'><strong>formationem,</strong></span> <span class='ocrx_word' id='word_1_134' title='bbox 1526 1033 1661 1074; x_wconf 85' lang='lat' dir='ltr'><strong>quam</strong></span> 
     </span>
     <span class='ocr_line' id='line_1_16' title="bbox 143 1077 1662 1131; baseline 0.002 -13"><span class='ocrx_word' id='word_1_135' title='bbox 143 1077 201 1117; x_wconf 86' lang='lat' dir='ltr'><strong>ad</strong></span> <span class='ocrx_word' id='word_1_136' title='bbox 219 1079 575 1131; x_wconf 77' lang='lat' dir='ltr'><strong>conjugationem</strong></span> <span class='ocrx_word' id='word_1_137' title='bbox 596 1079 641 1119; x_wconf 92' lang='lat' dir='ltr'><strong>in</strong></span> <span class='ocrx_word' id='word_1_138' title='bbox 662 1097 707 1128; x_wconf 86' lang='grc' dir='ltr'><strong><em>μι</em></strong></span> <span class='ocrx_word' id='word_1_139' title='bbox 741 1079 907 1120; x_wconf 86' lang='lat' dir='ltr'><strong>referre</strong></span> <span class='ocrx_word' id='word_1_140' title='bbox 929 1079 1134 1126; x_wconf 87' lang='lat' dir='ltr'><strong>solemus,</strong></span> <span class='ocrx_word' id='word_1_141' title='bbox 1164 1082 1214 1120; x_wconf 88' lang='lat' dir='ltr'><strong>ut</strong></span> <span class='ocrx_word' id='word_1_142' title='bbox 1232 1078 1340 1126; x_wconf 73' lang='grc' dir='ltr'><strong><em>ἔβην,</em></strong></span> <span class='ocrx_word' id='word_1_143' title='bbox 1361 1079 1467 1131; x_wconf 82' lang='grc' dir='ltr'><strong><em>ἐ’φυν,</em></strong></span> <span class='ocrx_word' id='word_1_144' title='bbox 1499 1079 1566 1120; x_wconf 90' lang='lat' dir='ltr'><strong>ita</strong></span> <span class='ocrx_word' id='word_1_145' title='bbox 1593 1083 1662 1121; x_wconf 84' lang='lat' dir='ltr'><strong>ta-</strong></span> 
     </span>
     <span class='ocr_line' id='line_1_17' title="bbox 144 1135 1662 1191; baseline 0.002 -16"><span class='ocrx_word' id='word_1_146' title='bbox 144 1146 261 1183; x_wconf 91' lang='lat' dir='ltr'><strong>men,</strong></span> <span class='ocrx_word' id='word_1_147' title='bbox 290 1139 341 1176; x_wconf 88' lang='lat' dir='ltr'><strong>ut</strong></span> <span class='ocrx_word' id='word_1_148' title='bbox 360 1137 418 1176; x_wconf 93' lang='lat' dir='ltr'><strong>ob</strong></span> <span class='ocrx_word' id='word_1_149' title='bbox 449 1136 562 1179; x_wconf 86' lang='lat' dir='ltr'><strong>hanc</strong></span> <span class='ocrx_word' id='word_1_150' title='bbox 592 1137 733 1191; x_wconf 85' lang='lat' dir='ltr'><strong>ipsam</strong></span> <span class='ocrx_word' id='word_1_151' title='bbox 753 1149 968 1191; x_wconf 89' lang='lat' dir='ltr'><strong>syncopen</strong></span> <span class='ocrx_word' id='word_1_152' title='bbox 988 1136 1208 1177; x_wconf 85' lang='lat' dir='ltr'><strong>auctiores</strong></span> <span class='ocrx_word' id='word_1_153' title='bbox 1239 1136 1286 1176; x_wconf 92' lang='lat' dir='ltr'><strong>in</strong></span> <span class='ocrx_word' id='word_1_154' title='bbox 1319 1136 1403 1177; x_wconf 90' lang='lat' dir='ltr'><strong>fine</strong></span> <span class='ocrx_word' id='word_1_155' title='bbox 1421 1135 1552 1177; x_wconf 83' lang='lat' dir='ltr'><strong>factae</strong></span> <span class='ocrx_word' id='word_1_156' title='bbox 1572 1137 1662 1179; x_wconf 88' lang='lat' dir='ltr'><strong>sint</strong></span> 
     </span>
     <span class='ocr_line' id='line_1_18' title="bbox 143 1191 1662 1249; baseline 0.001 -16"><span class='ocrx_word' id='word_1_157' title='bbox 143 1192 298 1235; x_wconf 80' lang='lat' dir='ltr'><strong>formae</strong></span> <span class='ocrx_word' id='word_1_158' title='bbox 320 1193 537 1249; x_wconf 83' lang='lat' dir='ltr'><strong>quaedam,</strong></span> <span class='ocrx_word' id='word_1_159' title='bbox 566 1198 617 1235; x_wconf 93' lang='lat' dir='ltr'><strong>ut</strong></span> <span class='ocrx_word' id='word_1_160' title='bbox 646 1192 891 1235; x_wconf 84' lang='lat' dir='ltr'><strong>Infinitivus</strong></span> <span class='ocrx_word' id='word_1_161' title='bbox 914 1193 1053 1241; x_wconf 77' lang='grc' dir='ltr'><strong><em>δῦν-αι,</em></strong></span> <span class='ocrx_word' id='word_1_162' title='bbox 1084 1191 1289 1248; x_wconf 82' lang='lat' dir='ltr'><strong>Imperat.</strong></span> <span class='ocrx_word' id='word_1_163' title='bbox 1308 1191 1430 1235; x_wconf 67' lang='grc' dir='ltr'><strong><em>δῖι-θι.</em></strong></span> <span class='ocrx_word' id='word_1_164' title='bbox 1488 1192 1593 1235; x_wconf 90' lang='lat' dir='ltr'><strong>Jam</strong></span> <span class='ocrx_word' id='word_1_165' title='bbox 1613 1194 1662 1235; x_wconf 88' lang='lat' dir='ltr'><strong>in</strong></span> 
     </span>
     <span class='ocr_line' id='line_1_19' title="bbox 144 1250 1662 1306; baseline 0.001 -15"><span class='ocrx_word' id='word_1_166' title='bbox 144 1250 411 1303; x_wconf 83' lang='lat' dir='ltr'><strong>quibusdam</strong></span> <span class='ocrx_word' id='word_1_167' title='bbox 429 1252 659 1293; x_wconf 87' lang='lat' dir='ltr'><strong>verborum</strong></span> <span class='ocrx_word' id='word_1_168' title='bbox 690 1252 963 1306; x_wconf 88' lang='lat' dir='ltr'><strong>temporibus</strong></span> <span class='ocrx_word' id='word_1_169' title='bbox 998 1252 1092 1292; x_wconf 87' lang='lat' dir='ltr'><strong>haec</strong></span> <span class='ocrx_word' id='word_1_170' title='bbox 1124 1251 1220 1293; x_wconf 87' lang='lat' dir='ltr'><strong>sola</strong></span> <span class='ocrx_word' id='word_1_171' title='bbox 1236 1250 1473 1293; x_wconf 88' lang='lat' dir='ltr'><strong>declinatio</strong></span> <span class='ocrx_word' id='word_1_172' title='bbox 1492 1251 1662 1294; x_wconf 86' lang='lat' dir='ltr'><strong>obtine-</strong></span> 
     </span>
     <span class='ocr_line' id='line_1_20' title="bbox 144 1307 1663 1364; baseline 0.002 -15"><span class='ocrx_word' id='word_1_173' title='bbox 144 1307 239 1356; x_wconf 76' lang='lat' dir='ltr'><strong>bat,</strong></span> <span class='ocrx_word' id='word_1_174' title='bbox 269 1311 320 1350; x_wconf 80' lang='lat' dir='ltr'><strong>ut</strong></span> <span class='ocrx_word' id='word_1_175' title='bbox 348 1310 398 1350; x_wconf 83' lang='lat' dir='ltr'><strong>in</strong></span> <span class='ocrx_word' id='word_1_176' title='bbox 442 1310 571 1359; x_wconf 67' lang='grc' dir='ltr'><strong><em>ἔγνων,</em></strong></span> <span class='ocrx_word' id='word_1_177' title='bbox 601 1313 752 1358; x_wconf 67' lang='grc' dir='ltr'><strong><em>γνῶναι,</em></strong></span> <span class='ocrx_word' id='word_1_178' title='bbox 782 1308 920 1358; x_wconf 61' lang='lat'><strong>71:551,</strong></span> <span class='ocrx_word' id='word_1_179' title='bbox 949 1307 1056 1358; x_wconf 66' lang='grc' dir='ltr'><strong><em>’γνοὺς</em></strong></span> <span class='ocrx_word' id='word_1_180' title='bbox 1093 1313 1176 1350; x_wconf 82' lang='lat' dir='ltr'><strong>etc.</strong></span> <span class='ocrx_word' id='word_1_181' title='bbox 1203 1322 1214 1355; x_wconf 88' lang='lat'>;</span> <span class='ocrx_word' id='word_1_182' title='bbox 1257 1308 1345 1350; x_wconf 85' lang='lat' dir='ltr'><strong>alia</strong></span> <span class='ocrx_word' id='word_1_183' title='bbox 1384 1321 1439 1350; x_wconf 79' lang='lat' dir='ltr'><strong>ex</strong></span> <span class='ocrx_word' id='word_1_184' title='bbox 1477 1312 1663 1364; x_wconf 78' lang='lat' dir='ltr'><strong>utraque</strong></span> 
     </span>
     <span class='ocr_line' id='line_1_21' title="bbox 144 1365 1661 1420; baseline 0.003 -15"><span class='ocrx_word' id='word_1_185' title='bbox 144 1365 288 1407; x_wconf 84' lang='lat' dir='ltr'><strong>mixta</strong></span> <span class='ocrx_word' id='word_1_186' title='bbox 307 1370 449 1408; x_wconf 87' lang='lat' dir='ltr'><strong>erant.</strong></span> <span class='ocrx_word' id='word_1_187' title='bbox 508 1365 565 1408; x_wconf 91' lang='lat' dir='ltr'><strong>Et</strong></span> <span class='ocrx_word' id='word_1_188' title='bbox 597 1368 642 1408; x_wconf 92' lang='lat' dir='ltr'><strong>in</strong></span> <span class='ocrx_word' id='word_1_189' title='bbox 678 1367 833 1408; x_wconf 89' lang='lat' dir='ltr'><strong>horum</strong></span> <span class='ocrx_word' id='word_1_190' title='bbox 865 1379 1045 1409; x_wconf 88' lang='lat' dir='ltr'><strong>numero</strong></span> <span class='ocrx_word' id='word_1_191' title='bbox 1076 1371 1143 1408; x_wconf 90' lang='lat' dir='ltr'><strong>est</strong></span> <span class='ocrx_word' id='word_1_192' title='bbox 1174 1367 1366 1407; x_wconf 89' lang='lat' dir='ltr'><strong>aoristus</strong></span> <span class='ocrx_word' id='word_1_193' title='bbox 1388 1367 1504 1414; x_wconf 82' lang='grc' dir='ltr'><strong><em>ἐ’πιον,</em></strong></span> <span class='ocrx_word' id='word_1_194' title='bbox 1534 1368 1661 1420; x_wconf 88' lang='lat' dir='ltr'><strong>cujus</strong></span> 
     </span>
     <span class='ocr_line' id='line_1_22' title="bbox 146 1420 1660 1476; baseline 0.002 -13"><span class='ocrx_word' id='word_1_195' title='bbox 146 1420 439 1476; x_wconf 81' lang='lat' dir='ltr'><strong>Imperativus</strong></span> <span class='ocrx_word' id='word_1_196' title='bbox 466 1437 555 1464; x_wconf 91' lang='lat' dir='ltr'><strong>non</strong></span> <span class='ocrx_word' id='word_1_197' title='bbox 588 1429 657 1466; x_wconf 85' lang='lat' dir='ltr'><strong>est</strong></span> <span class='ocrx_word' id='word_1_198' title='bbox 682 1425 762 1471; x_wconf 81' lang='grc' dir='ltr'><strong><em>πίε,</em></strong></span> <span class='ocrx_word' id='word_1_199' title='bbox 794 1424 868 1466; x_wconf 92' lang='lat' dir='ltr'><strong>sed</strong></span> <span class='ocrx_word' id='word_1_200' title='bbox 902 1423 1022 1471; x_wconf 65' lang='grc' dir='ltr'><strong><em>πῖὲις</em></strong></span> <span class='ocrx_word' id='word_1_201' title='bbox 1068 1424 1138 1465; x_wconf 90' lang='lat' dir='ltr'><strong>cui</strong></span> <span class='ocrx_word' id='word_1_202' title='bbox 1169 1424 1225 1465; x_wconf 82' lang='lat' dir='ltr'><strong>ad</strong></span> <span class='ocrx_word' id='word_1_203' title='bbox 1256 1436 1456 1465; x_wconf 88' lang='lat' dir='ltr'><strong>normam</strong></span> <span class='ocrx_word' id='word_1_204' title='bbox 1484 1425 1660 1466; x_wconf 88' lang='lat' dir='ltr'><strong>illorum</strong></span> 
     </span>
     <span class='ocr_line' id='line_1_23' title="bbox 144 1478 1662 1535; baseline 0.003 -15"><span class='ocrx_word' id='word_1_205' title='bbox 144 1478 266 1528; x_wconf 62' lang='grc' dir='ltr'><strong><em>«γνῶθι</em></strong></span> <span class='ocrx_word' id='word_1_206' title='bbox 284 1484 437 1529; x_wconf 70' lang='grc' dir='ltr'><strong><em>γνῶναι,</em></strong></span> <span class='ocrx_word' id='word_1_207' title='bbox 469 1479 555 1522; x_wconf 63' lang='grc' dir='ltr'><strong><em>δῦθι</em></strong></span> <span class='ocrx_word' id='word_1_208' title='bbox 581 1480 683 1522; x_wconf 79' lang='grc' dir='ltr'><strong><em>δ’ῡναι</em></strong></span> <span class='ocrx_word' id='word_1_209' title='bbox 716 1481 950 1535; x_wconf 82' lang='lat' dir='ltr'><strong>respondet</strong></span> <span class='ocrx_word' id='word_1_210' title='bbox 980 1479 1227 1523; x_wconf 81' lang='lat' dir='ltr'><strong>Infinitivus</strong></span> <span class='ocrx_word' id='word_1_211' title='bbox 1262 1485 1380 1522; x_wconf 77' lang='grc' dir='ltr'><strong><em>πῖναι.</em></strong></span> <span class='ocrx_word' id='word_1_212' title='bbox 1442 1480 1662 1535; x_wconf 76' lang='lat' dir='ltr'><strong>Intelligis</strong></span> 
     </span>
     <span class='ocr_line' id='line_1_24' title="bbox 147 1538 1660 1593; baseline 0.001 -15"><span class='ocrx_word' id='word_1_213' title='bbox 147 1538 322 1591; x_wconf 87' lang='lat' dir='ltr'><strong>opinor,</strong></span> <span class='ocrx_word' id='word_1_214' title='bbox 349 1538 533 1591; x_wconf 86' lang='lat' dir='ltr'><strong>perinde</strong></span> <span class='ocrx_word' id='word_1_215' title='bbox 553 1551 666 1585; x_wconf 91' lang='lat' dir='ltr'><strong>esse,</strong></span> <span class='ocrx_word' id='word_1_216' title='bbox 698 1539 790 1580; x_wconf 90' lang='lat' dir='ltr'><strong>sive</strong></span> <span class='ocrx_word' id='word_1_217' title='bbox 809 1551 837 1580; x_wconf 90' lang='lat' dir='ltr'><strong>a</strong></span> <span class='ocrx_word' id='word_1_218' title='bbox 857 1541 951 1580; x_wconf 83' lang='grc' dir='ltr'><strong><em>πιεῖν</em></strong></span> <span class='ocrx_word' id='word_1_219' title='bbox 982 1539 1076 1579; x_wconf 80' lang='lat' dir='ltr'><strong>sive</strong></span> <span class='ocrx_word' id='word_1_220' title='bbox 1097 1539 1154 1580; x_wconf 88' lang='lat' dir='ltr'><strong>ab</strong></span> <span class='ocrx_word' id='word_1_221' title='bbox 1174 1539 1389 1580; x_wconf 86' lang='lat' dir='ltr'><strong>inusitato</strong></span> <span class='ocrx_word' id='word_1_222' title='bbox 1408 1541 1511 1579; x_wconf 80' lang='grc' dir='ltr'><strong><em>πῖναι</em></strong></span> <span class='ocrx_word' id='word_1_223' title='bbox 1536 1552 1660 1593; x_wconf 90' lang='lat' dir='ltr'><strong>repe-</strong></span> 
     </span>
     <span class='ocr_line' id='line_1_25' title="bbox 148 1594 1658 1649; baseline 0.003 -14"><span class='ocrx_word' id='word_1_224' title='bbox 148 1597 217 1636; x_wconf 85' lang='lat' dir='ltr'><strong>tas</strong></span> <span class='ocrx_word' id='word_1_225' title='bbox 236 1594 416 1636; x_wconf 81' lang='lat' dir='ltr'><strong>brevius</strong></span> <span class='ocrx_word' id='word_1_226' title='bbox 447 1598 526 1645; x_wconf 84' lang='grc' dir='ltr'><strong><em>πῖν,</em></strong></span> <span class='ocrx_word' id='word_1_227' title='bbox 558 1600 677 1636; x_wconf 88' lang='lat' dir='ltr'><strong>recte</strong></span> <span class='ocrx_word' id='word_1_228' title='bbox 710 1596 849 1648; x_wconf 87' lang='lat' dir='ltr'><strong>igitur</strong></span> <span class='ocrx_word' id='word_1_229' title='bbox 877 1596 959 1637; x_wconf 91' lang='lat' dir='ltr'><strong>hoc</strong></span> <span class='ocrx_word' id='word_1_230' title='bbox 992 1596 1125 1649; x_wconf 87' lang='lat' dir='ltr'><strong>jungi</strong></span> <span class='ocrx_word' id='word_1_231' title='bbox 1160 1596 1226 1637; x_wconf 90' lang='lat' dir='ltr'><strong>illi</strong></span> <span class='ocrx_word' id='word_1_232' title='bbox 1262 1600 1347 1649; x_wconf 78' lang='grc' dir='ltr'><strong><em>φ’ὑν,</em></strong></span> <span class='ocrx_word' id='word_1_233' title='bbox 1373 1596 1491 1648; x_wconf 91' lang='lat' dir='ltr'><strong>quod</strong></span> <span class='ocrx_word' id='word_1_234' title='bbox 1513 1596 1658 1639; x_wconf 88' lang='lat' dir='ltr'><strong>indice</strong></span> 
     </span>
     <span class='ocr_line' id='line_1_26' title="bbox 145 1650 1662 1706; baseline 0.003 -14"><span class='ocrx_word' id='word_1_235' title='bbox 145 1656 287 1693; x_wconf 85' lang='lat' dir='ltr'><strong>metro</strong></span> <span class='ocrx_word' id='word_1_236' title='bbox 306 1652 354 1692; x_wconf 92' lang='lat' dir='ltr'><strong>in</strong></span> <span class='ocrx_word' id='word_1_237' title='bbox 374 1650 650 1693; x_wconf 87' lang='lat' dir='ltr'><strong>Parmenidis</strong></span> <span class='ocrx_word' id='word_1_238' title='bbox 670 1665 798 1693; x_wconf 82' lang='lat' dir='ltr'><strong>versu</strong></span> <span class='ocrx_word' id='word_1_239' title='bbox 829 1653 1049 1695; x_wconf 90' lang='lat' dir='ltr'><strong>detectum</strong></span> <span class='ocrx_word' id='word_1_240' title='bbox 1083 1653 1166 1695; x_wconf 89' lang='lat' dir='ltr'><strong>hac</strong></span> <span class='ocrx_word' id='word_1_241' title='bbox 1193 1653 1399 1706; x_wconf 87' lang='lat' dir='ltr'><strong>analogia</strong></span> <span class='ocrx_word' id='word_1_242' title='bbox 1434 1654 1662 1703; x_wconf 84' lang='lat' dir='ltr'><strong>confirma-</strong></span> 
     </span>
     <span class='ocr_line' id='line_1_27' title="bbox 144 1701 1755 1780; baseline 0.002 -30"><span class='ocrx_word' id='word_1_243' title='bbox 144 1712 232 1750; x_wconf 85' lang='lat' dir='ltr'><strong>tur.</strong></span> <span class='ocrx_word' id='word_1_244' title='bbox 292 1708 533 1764; x_wconf 84' lang='lat' dir='ltr'><strong>Scripturae</strong></span> <span class='ocrx_word' id='word_1_245' title='bbox 571 1713 720 1750; x_wconf 84' lang='lat' dir='ltr'><strong>autem</strong></span> <span class='ocrx_word' id='word_1_246' title='bbox 754 1713 837 1750; x_wconf 76' lang='grc' dir='ltr'><strong><em>πεῖν</em></strong></span> <span class='ocrx_word' id='word_1_247' title='bbox 868 1723 923 1751; x_wconf 89' lang='lat' dir='ltr'><strong>ne</strong></span> <span class='ocrx_word' id='word_1_248' title='bbox 950 1710 1179 1759; x_wconf 65' lang='lat' dir='ltr'><strong>inhaereas,</strong></span> <span class='ocrx_word' id='word_1_249' title='bbox 1208 1714 1326 1752; x_wconf 84' lang='lat' dir='ltr'><strong>vetat</strong></span> <span class='ocrx_word' id='word_1_250' title='bbox 1345 1710 1452 1752; x_wconf 93' lang='lat' dir='ltr'><strong>illud</strong></span> <span class='ocrx_word' id='word_1_251' title='bbox 1479 1710 1584 1760; x_wconf 63' lang='grc' dir='ltr'><strong><em>πῖθι,</em></strong></span> <span class='ocrx_word' id='word_1_252' title='bbox 1615 1701 1660 1756; x_wconf 78' lang='lat' dir='ltr'><strong>et</strong></span> <span class='ocrx_word' id='word_1_253' title='bbox 1671 1736 1755 1780; x_wconf 67' lang='lat'><strong>249</strong></span> 
     </span>
     <span class='ocr_line' id='line_1_28' title="bbox 144 1767 1663 1822; baseline 0.003 -14"><span class='ocrx_word' id='word_1_254' title='bbox 144 1767 454 1821; x_wconf 88' lang='lat' dir='ltr'><strong>antiquissima</strong></span> <span class='ocrx_word' id='word_1_255' title='bbox 486 1767 705 1808; x_wconf 85' lang='lat' dir='ltr'><strong>vocalium</strong></span> <span class='ocrx_word' id='word_1_256' title='bbox 738 1784 766 1807; x_wconf 86' lang='grc' dir='ltr'><strong>ει</strong></span> <span class='ocrx_word' id='word_1_257' title='bbox 803 1771 849 1809; x_wconf 92' lang='lat' dir='ltr'><strong>et</strong></span> <span class='ocrx_word' id='word_1_258' title='bbox 881 1785 891 1807; x_wconf 90' lang='grc' dir='ltr'><strong><em>ι</em></strong></span> <span class='ocrx_word' id='word_1_259' title='bbox 931 1768 977 1809; x_wconf 91' lang='lat' dir='ltr'><strong>in</strong></span> <span class='ocrx_word' id='word_1_260' title='bbox 1003 1767 1130 1810; x_wconf 88' lang='lat' dir='ltr'><strong>libris</strong></span> <span class='ocrx_word' id='word_1_261' title='bbox 1164 1772 1209 1810; x_wconf 92' lang='lat' dir='ltr'><strong>et</strong></span> <span class='ocrx_word' id='word_1_262' title='bbox 1239 1768 1286 1809; x_wconf 93' lang='lat' dir='ltr'><strong>in</strong></span> <span class='ocrx_word' id='word_1_263' title='bbox 1313 1768 1532 1822; x_wconf 89' lang='lat' dir='ltr'><strong>lapidibus</strong></span> <span class='ocrx_word' id='word_1_264' title='bbox 1560 1782 1663 1812; x_wconf 88' lang='lat' dir='ltr'><strong>con-</strong></span> 
     </span>
     <span class='ocr_line' id='line_1_29' title="bbox 145 1824 280 1866; baseline 0 -1"><span class='ocrx_word' id='word_1_265' title='bbox 145 1824 280 1866; x_wconf 89' lang='lat' dir='ltr'><strong>fusio.</strong></span> 
     </span>
    </p>

    <p class='ocr_par' dir='ltr' id='par_1_8' title="bbox 206 1879 1660 1935">
     <span class='ocr_line' id='line_1_30' title="bbox 206 1879 1660 1935; baseline 0.002 -13"><span class='ocrx_word' id='word_1_266' title='bbox 206 1879 315 1923; x_wconf 86' lang='lat' dir='ltr'><strong>Haec</strong></span> <span class='ocrx_word' id='word_1_267' title='bbox 333 1885 439 1924; x_wconf 89' lang='lat' dir='ltr'><strong>sunt</strong></span> <span class='ocrx_word' id='word_1_268' title='bbox 458 1895 554 1935; x_wconf 85' lang='lat' dir='ltr'><strong>quae</strong></span> <span class='ocrx_word' id='word_1_269' title='bbox 588 1881 642 1922; x_wconf 87' lang='lat' dir='ltr'><strong>de</strong></span> <span class='ocrx_word' id='word_1_270' title='bbox 662 1881 962 1923; x_wconf 90' lang='lat' dir='ltr'><strong>consimilibus</strong></span> <span class='ocrx_word' id='word_1_271' title='bbox 998 1881 1266 1934; x_wconf 88' lang='lat' dir='ltr'><strong>quibusdam</strong></span> <span class='ocrx_word' id='word_1_272' title='bbox 1305 1883 1538 1924; x_wconf 88' lang='lat' dir='ltr'><strong>verborum</strong></span> <span class='ocrx_word' id='word_1_273' title='bbox 1572 1883 1660 1926; x_wconf 87' lang='lat' dir='ltr'><strong>for-</strong></span> 
     </span>
    </p>
   </div>
   <div class='ocr_carea' id='block_1_7' title="bbox 75 1938 1663 1995">
    <p class='ocr_par' dir='ltr' id='par_1_9' title="bbox 75 1938 1663 1995">
     <span class='ocr_line' id='line_1_31' title="bbox 75 1938 1663 1995; baseline 0.001 -14"><span class='ocrx_word' id='word_1_274' title='bbox 75 1955 80 1962; x_wconf 82' lang='lat'><em>·</em></span> <span class='ocrx_word' id='word_1_275' title='bbox 147 1940 232 1981; x_wconf 89' lang='lat' dir='ltr'><strong>mis</strong></span> <span class='ocrx_word' id='word_1_276' title='bbox 245 1940 503 1994; x_wconf 84' lang='lat' dir='ltr'><strong>exponenda</strong></span> <span class='ocrx_word' id='word_1_277' title='bbox 531 1940 641 1980; x_wconf 90' lang='lat' dir='ltr'><strong>mihi</strong></span> <span class='ocrx_word' id='word_1_278' title='bbox 660 1952 755 1980; x_wconf 90' lang='lat' dir='ltr'><strong>esse</strong></span> <span class='ocrx_word' id='word_1_279' title='bbox 776 1940 945 1994; x_wconf 81' lang='lat' dir='ltr'><strong>putavi.</strong></span> <span class='ocrx_word' id='word_1_280' title='bbox 1005 1938 1057 1981; x_wconf 92' lang='lat' dir='ltr'><strong>In</strong></span> <span class='ocrx_word' id='word_1_281' title='bbox 1078 1940 1239 1995; x_wconf 89' lang='lat' dir='ltr'><strong>quibus</strong></span> <span class='ocrx_word' id='word_1_282' title='bbox 1269 1953 1367 1982; x_wconf 86' lang='lat' dir='ltr'><strong>cum</strong></span> <span class='ocrx_word' id='word_1_283' title='bbox 1399 1941 1532 1982; x_wconf 88' lang='lat' dir='ltr'><strong>verbo</strong></span> <span class='ocrx_word' id='word_1_284' title='bbox 1558 1941 1663 1983; x_wconf 87' lang='lat' dir='ltr'><strong>teti-</strong></span> 
     </span>
    </p>
   </div>
   <div class='ocr_carea' id='block_1_8' title="bbox 136 1996 1668 2977">
    <p class='ocr_par' dir='ltr' id='par_1_10' title="bbox 136 1996 1668 2977">
     <span class='ocr_line' id='line_1_32' title="bbox 136 1996 1661 2054; baseline 0.001 -16"><span class='ocrx_word' id='word_1_285' title='bbox 136 1997 289 2050; x_wconf 84' lang='lat' dir='ltr'><strong>gerim</strong></span> <span class='ocrx_word' id='word_1_286' title='bbox 321 1997 386 2052; x_wconf 90' lang='lat' dir='ltr'><strong>(p.</strong></span> <span class='ocrx_word' id='word_1_287' title='bbox 420 1996 543 2053; x_wconf 81' lang='lat'><strong>207.)</strong></span> <span class='ocrx_word' id='word_1_288' title='bbox 575 1998 792 2039; x_wconf 87' lang='lat' dir='ltr'><strong>rationem</strong></span> <span class='ocrx_word' id='word_1_289' title='bbox 832 1997 971 2044; x_wconf 88' lang='lat' dir='ltr'><strong>illam,</strong></span> <span class='ocrx_word' id='word_1_290' title='bbox 1010 2010 1098 2051; x_wconf 89' lang='lat' dir='ltr'><strong>qua</strong></span> <span class='ocrx_word' id='word_1_291' title='bbox 1135 1998 1182 2039; x_wconf 90' lang='lat' dir='ltr'><strong>in</strong></span> <span class='ocrx_word' id='word_1_292' title='bbox 1220 1998 1366 2039; x_wconf 87' lang='lat' dir='ltr'><strong>verbis</strong></span> <span class='ocrx_word' id='word_1_293' title='bbox 1396 1997 1661 2054; x_wconf 88' lang='lat' dir='ltr'><strong>quibusdam</strong></span> 
     </span>
     <span class='ocr_line' id='line_1_33' title="bbox 145 2054 1662 2108; baseline 0.003 -13"><span class='ocrx_word' id='word_1_294' title='bbox 145 2055 395 2108; x_wconf 86' lang='lat' dir='ltr'><strong>significatu</strong></span> <span class='ocrx_word' id='word_1_295' title='bbox 426 2055 630 2096; x_wconf 83' lang='lat' dir='ltr'><strong>affinibus</strong></span> <span class='ocrx_word' id='word_1_296' title='bbox 650 2055 892 2096; x_wconf 89' lang='lat' dir='ltr'><strong>formarum</strong></span> <span class='ocrx_word' id='word_1_297' title='bbox 907 2055 1043 2096; x_wconf 89' lang='lat' dir='ltr'><strong>etiam</strong></span> <span class='ocrx_word' id='word_1_298' title='bbox 1062 2054 1369 2108; x_wconf 84' lang='lat' dir='ltr'><strong>cognationem</strong></span> <span class='ocrx_word' id='word_1_299' title='bbox 1390 2057 1528 2098; x_wconf 85' lang='lat' dir='ltr'><strong>secuti</strong></span> <span class='ocrx_word' id='word_1_300' title='bbox 1558 2061 1662 2099; x_wconf 87' lang='lat' dir='ltr'><strong>sunt</strong></span> 
     </span>
     <span class='ocr_line' id='line_1_34' title="bbox 146 2110 1659 2164; baseline 0.001 -11"><span class='ocrx_word' id='word_1_301' title='bbox 146 2110 307 2164; x_wconf 85' lang='lat' dir='ltr'><strong>Graeci,</strong></span> <span class='ocrx_word' id='word_1_302' title='bbox 334 2114 410 2154; x_wconf 83' lang='lat' dir='ltr'><strong>vix</strong></span> <span class='ocrx_word' id='word_1_303' title='bbox 431 2113 512 2155; x_wconf 89' lang='lat' dir='ltr'><strong>hoc</strong></span> <span class='ocrx_word' id='word_1_304' title='bbox 540 2113 635 2154; x_wconf 89' lang='lat' dir='ltr'><strong>loco</strong></span> <span class='ocrx_word' id='word_1_305' title='bbox 668 2112 1009 2154; x_wconf 87' lang='lat' dir='ltr'><strong>commodiorem</strong></span> <span class='ocrx_word' id='word_1_306' title='bbox 1028 2113 1248 2154; x_wconf 80' lang='lat' dir='ltr'><strong>inveniam</strong></span> <span class='ocrx_word' id='word_1_307' title='bbox 1281 2113 1335 2155; x_wconf 90' lang='lat' dir='ltr'><strong>de</strong></span> <span class='ocrx_word' id='word_1_308' title='bbox 1356 2114 1546 2155; x_wconf 84' lang='lat' dir='ltr'><strong>maxime</strong></span> <span class='ocrx_word' id='word_1_309' title='bbox 1571 2126 1659 2155; x_wconf 88' lang='lat' dir='ltr'><strong>me-</strong></span> 
     </span>
     <span class='ocr_line' id='line_1_35' title="bbox 146 2169 1661 2225; baseline 0 -13"><span class='ocrx_word' id='word_1_310' title='bbox 146 2171 351 2212; x_wconf 87' lang='lat' dir='ltr'><strong>morabili</strong></span> <span class='ocrx_word' id='word_1_311' title='bbox 373 2171 569 2225; x_wconf 88' lang='lat' dir='ltr'><strong>ejusdem</strong></span> <span class='ocrx_word' id='word_1_312' title='bbox 602 2170 667 2211; x_wconf 88' lang='lat' dir='ltr'><strong>rei</strong></span> <span class='ocrx_word' id='word_1_313' title='bbox 702 2170 902 2224; x_wconf 86' lang='lat' dir='ltr'><strong>exemplo</strong></span> <span class='ocrx_word' id='word_1_314' title='bbox 933 2169 1154 2221; x_wconf 84' lang='lat' dir='ltr'><strong>monendi,</strong></span> <span class='ocrx_word' id='word_1_315' title='bbox 1183 2170 1300 2223; x_wconf 91' lang='lat' dir='ltr'><strong>quod</strong></span> <span class='ocrx_word' id='word_1_316' title='bbox 1320 2170 1524 2213; x_wconf 88' lang='lat' dir='ltr'><strong>Athenaei</strong></span> <span class='ocrx_word' id='word_1_317' title='bbox 1545 2171 1661 2212; x_wconf 90' lang='lat' dir='ltr'><strong>indi-</strong></span> 
     </span>
     <span class='ocr_line' id='line_1_36' title="bbox 144 2228 1661 2282; baseline 0.001 -13"><span class='ocrx_word' id='word_1_318' title='bbox 144 2228 215 2269; x_wconf 83' lang='lat' dir='ltr'><strong>cio</strong></span> <span class='ocrx_word' id='word_1_319' title='bbox 243 2228 291 2269; x_wconf 89' lang='lat' dir='ltr'><strong>in</strong></span> <span class='ocrx_word' id='word_1_320' title='bbox 324 2232 521 2270; x_wconf 89' lang='lat' dir='ltr'><strong>nostram</strong></span> <span class='ocrx_word' id='word_1_321' title='bbox 555 2228 675 2269; x_wconf 86' lang='lat' dir='ltr'><strong>venit</strong></span> <span class='ocrx_word' id='word_1_322' title='bbox 709 2228 927 2269; x_wconf 87' lang='lat' dir='ltr'><strong>notitiam.</strong></span> <span class='ocrx_word' id='word_1_323' title='bbox 998 2228 1226 2282; x_wconf 89' lang='lat' dir='ltr'><strong>Syncopen</strong></span> <span class='ocrx_word' id='word_1_324' title='bbox 1260 2228 1382 2270; x_wconf 89' lang='lat' dir='ltr'><strong>illam</strong></span> <span class='ocrx_word' id='word_1_325' title='bbox 1416 2229 1661 2271; x_wconf 84' lang='lat' dir='ltr'><strong>formarum</strong></span> 
     </span>
     <span class='ocr_line' id='line_1_37' title="bbox 146 2285 1660 2340; baseline 0 -12"><span class='ocrx_word' id='word_1_326' title='bbox 146 2285 349 2340; x_wconf 83' lang='lat' dir='ltr'><strong>perfecti,</strong></span> <span class='ocrx_word' id='word_1_327' title='bbox 379 2287 526 2340; x_wconf 78' lang='lat' dir='ltr'><strong>qualis</strong></span> <span class='ocrx_word' id='word_1_328' title='bbox 545 2290 613 2327; x_wconf 88' lang='lat' dir='ltr'><strong>est</strong></span> <span class='ocrx_word' id='word_1_329' title='bbox 633 2287 842 2337; x_wconf 74' lang='grc' dir='ltr'><strong><em>τέτλαμεν,</em></strong></span> <span class='ocrx_word' id='word_1_330' title='bbox 863 2286 1044 2326; x_wconf 64' lang='grc' dir='ltr'><strong><em>τετλάναι</em></strong></span> <span class='ocrx_word' id='word_1_331' title='bbox 1062 2299 1141 2340; x_wconf 86' lang='lat' dir='ltr'><strong>pro</strong></span> <span class='ocrx_word' id='word_1_332' title='bbox 1161 2303 1342 2337; x_wconf 75' lang='grc' dir='ltr'><strong><em>-ηκαμεν,</em></strong></span> <span class='ocrx_word' id='word_1_333' title='bbox 1374 2288 1501 2329; x_wconf 71' lang='grc' dir='ltr'><strong><em>πκέναι</em></strong></span> <span class='ocrx_word' id='word_1_334' title='bbox 1523 2299 1548 2327; x_wconf 88' lang='lat' dir='ltr'><strong>e</strong></span> <span class='ocrx_word' id='word_1_335' title='bbox 1567 2287 1660 2328; x_wconf 90' lang='lat' dir='ltr'><strong>lon-</strong></span> 
     </span>
     <span class='ocr_line' id='line_1_38' title="bbox 146 2343 1661 2395; baseline 0.001 -11"><span class='ocrx_word' id='word_1_336' title='bbox 146 2344 344 2395; x_wconf 83' lang='lat' dir='ltr'><strong>gioribus</strong></span> <span class='ocrx_word' id='word_1_337' title='bbox 377 2344 521 2386; x_wconf 86' lang='lat' dir='ltr'><strong>verbis</strong></span> <span class='ocrx_word' id='word_1_338' title='bbox 554 2344 642 2384; x_wconf 90' lang='lat' dir='ltr'><strong>duo</strong></span> <span class='ocrx_word' id='word_1_339' title='bbox 671 2347 845 2384; x_wconf 88' lang='lat' dir='ltr'><strong>tantum</strong></span> <span class='ocrx_word' id='word_1_340' title='bbox 866 2344 911 2384; x_wconf 91' lang='lat' dir='ltr'><strong>in</strong></span> <span class='ocrx_word' id='word_1_341' title='bbox 950 2344 1087 2385; x_wconf 88' lang='lat' dir='ltr'><strong>attico</strong></span> <span class='ocrx_word' id='word_1_342' title='bbox 1117 2356 1317 2384; x_wconf 90' lang='lat' dir='ltr'><strong>sermone</strong></span> <span class='ocrx_word' id='word_1_343' title='bbox 1348 2344 1434 2385; x_wconf 88' lang='lat' dir='ltr'><strong>sibi</strong></span> <span class='ocrx_word' id='word_1_344' title='bbox 1464 2343 1661 2385; x_wconf 82' lang='lat' dir='ltr'><strong>vindica-</strong></span> 
     </span>
     <span class='ocr_line' id='line_1_39' title="bbox 149 2400 1662 2458; baseline 0.001 -17"><span class='ocrx_word' id='word_1_345' title='bbox 149 2400 272 2452; x_wconf 88' lang='lat' dir='ltr'><strong>bant,</strong></span> <span class='ocrx_word' id='word_1_346' title='bbox 303 2404 457 2457; x_wconf 74' lang='grc' dir='ltr'><strong><em>ἀριστᾷν</em></strong></span> <span class='ocrx_word' id='word_1_347' title='bbox 470 2400 684 2458; x_wconf 76' lang='lat' dir='ltr'><strong>prandere</strong></span> <span class='ocrx_word' id='word_1_348' title='bbox 704 2406 748 2443; x_wconf 89' lang='lat' dir='ltr'><strong>et</strong></span> <span class='ocrx_word' id='word_1_349' title='bbox 768 2401 919 2442; x_wconf 76' lang='grc' dir='ltr'><strong>δειπνεῖν</strong></span> <span class='ocrx_word' id='word_1_350' title='bbox 941 2413 1100 2442; x_wconf 79' lang='lat' dir='ltr'><strong>coenare</strong></span> <span class='ocrx_word' id='word_1_351' title='bbox 1115 2415 1132 2449; x_wconf 85' lang='lat'><strong>,·</strong></span> <span class='ocrx_word' id='word_1_352' title='bbox 1162 2401 1369 2456; x_wconf 62' lang='grc' dir='ltr'><strong><em>ἠρίσταμεν</em></strong></span> <span class='ocrx_word' id='word_1_353' title='bbox 1400 2401 1519 2442; x_wconf 87' lang='lat' dir='ltr'><strong>enim</strong></span> <span class='ocrx_word' id='word_1_354' title='bbox 1548 2401 1662 2443; x_wconf 90' lang='lat' dir='ltr'><strong>dice-</strong></span> 
     </span>
     <span class='ocr_line' id='line_1_40' title="bbox 146 2456 1661 2514; baseline 0.002 -16"><span class='ocrx_word' id='word_1_355' title='bbox 146 2458 256 2500; x_wconf 81' lang='lat' dir='ltr'><strong>bant</strong></span> <span class='ocrx_word' id='word_1_356' title='bbox 274 2462 321 2499; x_wconf 77' lang='lat' dir='ltr'><strong>et</strong></span> <span class='ocrx_word' id='word_1_357' title='bbox 338 2458 596 2507; x_wconf 68' lang='grc' dir='ltr'><strong>δεδείπναμεν,</strong></span> <span class='ocrx_word' id='word_1_358' title='bbox 616 2459 811 2514; x_wconf 62' lang='grc' dir='ltr'><strong><em>’ἠριστάναι</em></strong></span> <span class='ocrx_word' id='word_1_359' title='bbox 829 2462 874 2499; x_wconf 83' lang='lat' dir='ltr'><strong>et</strong></span> <span class='ocrx_word' id='word_1_360' title='bbox 889 2457 1126 2499; x_wconf 72' lang='grc' dir='ltr'><strong>δεδειπνάναι.</strong></span> <span class='ocrx_word' id='word_1_361' title='bbox 1185 2456 1278 2500; x_wconf 86' lang='lat' dir='ltr'><strong>Ubi</strong></span> <span class='ocrx_word' id='word_1_362' title='bbox 1299 2459 1409 2500; x_wconf 88' lang='lat' dir='ltr'><strong>illud</strong></span> <span class='ocrx_word' id='word_1_363' title='bbox 1428 2459 1661 2501; x_wconf 85' lang='lat' dir='ltr'><strong>observatu</strong></span> 
     </span>
     <span class='ocr_line' id='line_1_41' title="bbox 146 2515 1664 2570; baseline 0 -14"><span class='ocrx_word' id='word_1_364' title='bbox 146 2515 457 2569; x_wconf 87' lang='lat' dir='ltr'><strong>dignissimum</strong></span> <span class='ocrx_word' id='word_1_365' title='bbox 489 2522 570 2564; x_wconf 89' lang='lat' dir='ltr'><strong>est,</strong></span> <span class='ocrx_word' id='word_1_366' title='bbox 609 2516 727 2570; x_wconf 91' lang='lat' dir='ltr'><strong>quod</strong></span> <span class='ocrx_word' id='word_1_367' title='bbox 760 2518 1024 2558; x_wconf 91' lang='lat' dir='ltr'><strong>elementum</strong></span> <span class='ocrx_word' id='word_1_368' title='bbox 1045 2534 1071 2556; x_wconf 78' lang='lat' dir='ltr'><strong>a</strong></span> <span class='ocrx_word' id='word_1_369' title='bbox 1095 2517 1262 2558; x_wconf 83' lang='lat' dir='ltr'><strong>formas</strong></span> <span class='ocrx_word' id='word_1_370' title='bbox 1282 2517 1418 2558; x_wconf 88' lang='lat' dir='ltr'><strong>etiam</strong></span> <span class='ocrx_word' id='word_1_371' title='bbox 1438 2516 1562 2559; x_wconf 85' lang='lat' dir='ltr'><strong>verbi</strong></span> <span class='ocrx_word' id='word_1_372' title='bbox 1592 2516 1664 2557; x_wconf 73' lang='grc' dir='ltr'><strong><em>δει·</em></strong></span> 
     </span>
     <span class='ocr_line' id='line_1_42' title="bbox 151 2573 1664 2629; baseline 0.001 -15"><span class='ocrx_word' id='word_1_373' title='bbox 151 2575 252 2614; x_wconf 71' lang='grc' dir='ltr'><strong><em>πνεῖν</em></strong></span> <span class='ocrx_word' id='word_1_374' title='bbox 271 2574 469 2622; x_wconf 87' lang='lat' dir='ltr'><strong>intravit,</strong></span> <span class='ocrx_word' id='word_1_375' title='bbox 501 2576 627 2628; x_wconf 89' lang='lat' dir='ltr'><strong>cujus</strong></span> <span class='ocrx_word' id='word_1_376' title='bbox 653 2573 907 2615; x_wconf 89' lang='lat' dir='ltr'><strong>terminatio</strong></span> <span class='ocrx_word' id='word_1_377' title='bbox 944 2574 1128 2629; x_wconf 89' lang='lat' dir='ltr'><strong>propria</strong></span> <span class='ocrx_word' id='word_1_378' title='bbox 1157 2576 1205 2615; x_wconf 83' lang='grc' dir='ltr'><strong>έω</strong></span> <span class='ocrx_word' id='word_1_379' title='bbox 1224 2578 1308 2622; x_wconf 88' lang='lat' dir='ltr'><strong>est,</strong></span> <span class='ocrx_word' id='word_1_380' title='bbox 1339 2587 1443 2622; x_wconf 91' lang='lat' dir='ltr'><strong>non,</strong></span> <span class='ocrx_word' id='word_1_381' title='bbox 1472 2578 1523 2616; x_wconf 93' lang='lat' dir='ltr'><strong>ut</strong></span> <span class='ocrx_word' id='word_1_382' title='bbox 1542 2574 1664 2616; x_wconf 84' lang='lat' dir='ltr'><strong>verbi</strong></span> 
     </span>
     <span class='ocr_line' id='line_1_43' title="bbox 149 2631 1667 2686; baseline 0.002 -16"><span class='ocrx_word' id='word_1_383' title='bbox 149 2632 319 2685; x_wconf 75' lang='grc' dir='ltr'><strong><em>α’ριστᾷν,</em></strong></span> <span class='ocrx_word' id='word_1_384' title='bbox 348 2632 416 2672; x_wconf 73' lang='grc' dir='ltr'><strong>άω.</strong></span> <span class='ocrx_word' id='word_1_385' title='bbox 496 2631 614 2674; x_wconf 89' lang='lat' dir='ltr'><strong>Nam</strong></span> <span class='ocrx_word' id='word_1_386' title='bbox 648 2634 698 2672; x_wconf 91' lang='lat' dir='ltr'><strong>ut</strong></span> <span class='ocrx_word' id='word_1_387' title='bbox 739 2644 839 2672; x_wconf 90' lang='lat' dir='ltr'><strong>cum</strong></span> <span class='ocrx_word' id='word_1_388' title='bbox 883 2631 1035 2685; x_wconf 89' lang='lat' dir='ltr'><strong>aliqua</strong></span> <span class='ocrx_word' id='word_1_389' title='bbox 1063 2632 1156 2673; x_wconf 86' lang='lat' dir='ltr'><strong>veri</strong></span> <span class='ocrx_word' id='word_1_390' title='bbox 1186 2632 1344 2686; x_wconf 90' lang='lat' dir='ltr'><strong>specie,</strong></span> <span class='ocrx_word' id='word_1_391' title='bbox 1382 2632 1484 2674; x_wconf 83' lang='lat' dir='ltr'><strong>licet</strong></span> <span class='ocrx_word' id='word_1_392' title='bbox 1510 2640 1667 2674; x_wconf 89' lang='lat' dir='ltr'><strong>contra</strong></span> 
     </span>
     <span class='ocr_line' id='line_1_44' title="bbox 154 2687 1666 2743; baseline 0.001 -14"><span class='ocrx_word' id='word_1_393' title='bbox 154 2688 425 2742; x_wconf 84' lang='lat' dir='ltr'><strong>analogiam,</strong></span> <span class='ocrx_word' id='word_1_394' title='bbox 446 2690 608 2743; x_wconf 85' lang='lat' dir='ltr'><strong>aliquis</strong></span> <span class='ocrx_word' id='word_1_395' title='bbox 638 2689 772 2736; x_wconf 88' lang='lat' dir='ltr'><strong>dicat,</strong></span> <span class='ocrx_word' id='word_1_396' title='bbox 792 2707 817 2729; x_wconf 85' lang='grc' dir='ltr'><em>α</em></span> <span class='ocrx_word' id='word_1_397' title='bbox 834 2688 944 2729; x_wconf 90' lang='lat' dir='ltr'><strong>illud</strong></span> <span class='ocrx_word' id='word_1_398' title='bbox 973 2690 1021 2730; x_wconf 92' lang='lat' dir='ltr'><strong>in</strong></span> <span class='ocrx_word' id='word_1_399' title='bbox 1041 2687 1281 2737; x_wconf 68' lang='grc' dir='ltr'><strong><em>δεδείπναμεν</em></strong></span> <span class='ocrx_word' id='word_1_400' title='bbox 1300 2690 1550 2743; x_wconf 83' lang='lat' dir='ltr'><strong>profectum</strong></span> <span class='ocrx_word' id='word_1_401' title='bbox 1570 2702 1666 2730; x_wconf 90' lang='lat' dir='ltr'><strong>esse</strong></span> 
     </span>
     <span class='ocr_line' id='line_1_45' title="bbox 151 2745 1666 2794; baseline 0.001 -8"><span class='ocrx_word' id='word_1_402' title='bbox 151 2758 178 2786; x_wconf 90' lang='lat' dir='ltr'><strong>e</strong></span> <span class='ocrx_word' id='word_1_403' title='bbox 196 2747 509 2789; x_wconf 88' lang='lat' dir='ltr'><strong>terminatione</strong></span> <span class='ocrx_word' id='word_1_404' title='bbox 530 2764 626 2794; x_wconf 83' lang='grc' dir='ltr'><strong><em>αμεν</em></strong></span> <span class='ocrx_word' id='word_1_405' title='bbox 647 2747 693 2787; x_wconf 92' lang='lat' dir='ltr'><strong>in</strong></span> <span class='ocrx_word' id='word_1_406' title='bbox 722 2746 1030 2794; x_wconf 74' lang='grc' dir='ltr'><strong><em>δεδειπνήκαμεν,</em></strong></span> <span class='ocrx_word' id='word_1_407' title='bbox 1061 2759 1150 2787; x_wconf 90' lang='lat' dir='ltr'><strong>non</strong></span> <span class='ocrx_word' id='word_1_408' title='bbox 1183 2751 1333 2788; x_wconf 88' lang='lat' dir='ltr'><strong>tamen</strong></span> <span class='ocrx_word' id='word_1_409' title='bbox 1361 2747 1416 2789; x_wconf 88' lang='lat' dir='ltr'><strong>de</strong></span> <span class='ocrx_word' id='word_1_410' title='bbox 1444 2745 1666 2788; x_wconf 87' lang='lat' dir='ltr'><strong>Infinitivo</strong></span> 
     </span>
     <span class='ocr_line' id='line_1_46' title="bbox 152 2801 1667 2863; baseline 0.002 -21"><span class='ocrx_word' id='word_1_411' title='bbox 152 2801 379 2845; x_wconf 73' lang='grc' dir='ltr'><strong><em>δεδειπνάναι</em></strong></span> <span class='ocrx_word' id='word_1_412' title='bbox 415 2805 568 2863; x_wconf 76' lang='lat' dir='ltr'><strong>eodeni</strong></span> <span class='ocrx_word' id='word_1_413' title='bbox 588 2804 717 2845; x_wconf 91' lang='lat' dir='ltr'><strong>modo</strong></span> <span class='ocrx_word' id='word_1_414' title='bbox 736 2803 980 2845; x_wconf 84' lang='lat' dir='ltr'><strong>existimari</strong></span> <span class='ocrx_word' id='word_1_415' title='bbox 1013 2808 1174 2859; x_wconf 89' lang='lat' dir='ltr'><strong>potest.</strong></span> <span class='ocrx_word' id='word_1_416' title='bbox 1234 2802 1406 2846; x_wconf 86' lang='lat' dir='ltr'><strong>Natum</strong></span> <span class='ocrx_word' id='word_1_417' title='bbox 1432 2805 1569 2858; x_wconf 90' lang='lat' dir='ltr'><strong>igitur</strong></span> <span class='ocrx_word' id='word_1_418' title='bbox 1598 2807 1667 2845; x_wconf 82' lang='lat' dir='ltr'><strong>est</strong></span> 
     </span>
     <span class='ocr_line' id='line_1_47' title="bbox 151 2861 1668 2916; baseline 0.001 -16"><span class='ocrx_word' id='word_1_419' title='bbox 151 2877 179 2899; x_wconf 83' lang='lat' dir='ltr'><strong>a</strong></span> <span class='ocrx_word' id='word_1_420' title='bbox 198 2873 223 2901; x_wconf 94' lang='lat' dir='ltr'><strong>e</strong></span> <span class='ocrx_word' id='word_1_421' title='bbox 256 2863 536 2916; x_wconf 86' lang='lat' dir='ltr'><strong>correptione</strong></span> <span class='ocrx_word' id='word_1_422' title='bbox 555 2862 712 2903; x_wconf 85' lang='lat' dir='ltr'><strong>litterae</strong></span> <span class='ocrx_word' id='word_1_423' title='bbox 740 2879 785 2910; x_wconf 72' lang='grc' dir='ltr'><strong>τι,</strong></span> <span class='ocrx_word' id='word_1_424' title='bbox 814 2873 908 2914; x_wconf 86' lang='lat' dir='ltr'><strong>quae</strong></span> <span class='ocrx_word' id='word_1_425' title='bbox 938 2862 984 2902; x_wconf 93' lang='lat' dir='ltr'><strong>in</strong></span> <span class='ocrx_word' id='word_1_426' title='bbox 1005 2863 1164 2904; x_wconf 88' lang='lat' dir='ltr'><strong>ceteris</strong></span> <span class='ocrx_word' id='word_1_427' title='bbox 1182 2861 1359 2914; x_wconf 89' lang='lat' dir='ltr'><strong>quidem</strong></span> <span class='ocrx_word' id='word_1_428' title='bbox 1381 2863 1494 2903; x_wconf 87' lang='lat' dir='ltr'><strong>hanc</strong></span> <span class='ocrx_word' id='word_1_429' title='bbox 1515 2874 1668 2915; x_wconf 89' lang='lat' dir='ltr'><strong>synco-</strong></span> 
     </span>
     <span class='ocr_line' id='line_1_48' title="bbox 148 2913 1668 2977; baseline 0.001 -17"><span class='ocrx_word' id='word_1_430' title='bbox 148 2929 239 2977; x_wconf 86' lang='lat' dir='ltr'><strong>pen</strong></span> <span class='ocrx_word' id='word_1_431' title='bbox 257 2919 598 2964; x_wconf 87' lang='lat' dir='ltr'><strong>admittentibus</strong></span> <span class='ocrx_word' id='word_1_432' title='bbox 627 2919 773 2964; x_wconf 84' lang='lat' dir='ltr'><strong>verbis</strong></span> <span class='ocrx_word' id='word_1_433' title='bbox 809 2919 1015 2963; x_wconf 88' lang='lat' dir='ltr'><strong>omnibus</strong></span> <span class='ocrx_word' id='word_1_434' title='bbox 1042 2919 1267 2964; x_wconf 89' lang='lat' dir='ltr'><strong>descendit</strong></span> <span class='ocrx_word' id='word_1_435' title='bbox 1300 2933 1331 2962; x_wconf 89' lang='lat' dir='ltr'><strong>a</strong></span> <span class='ocrx_word' id='word_1_436' title='bbox 1357 2913 1668 2964; x_wconf 56' lang='lat' dir='ltr'><strong>terminatione</strong></span> 
     </span>
    </p>
   </div>
  </div>
 </body>
</html>
