1838 3164
169 192 254 237 150
701 206 896 243 ELLIPSIS
918 203 1153 241 NOMINUM.

170 307 246 353 Fit
263 322 395 352 sermo
414 306 526 352 inter
544 321 612 354 eos
629 314 670 352 et
688 307 904 358 invitatio,
935 313 984 350 ut
1013 306 1154 349 Graeco
1171 312 1284 346 more
1304 300 1526 345 biberetur.
1585 300 1692 345 Pos-

173 371 274 410 cunt
299 367 531 425 majoribus
555 367 734 425 poculis.
805 366 1144 422 [Aristophanes
1173 360 1325 414 Equit.
1359 375 1399 403 v.
1441 359 1544 428 107².
1578 357 1691 415 ἕλχ’,

175 425 264 467 ἕλκε
286 426 356 468 τὴν
377 431 444 468 τοῦ
465 426 662 474 Δαίμονος
678 429 744 466 τοῦ
759 424 975 480 Πραμνίου.
997 422 1073 463 ubi
1091 419 1352 473 Berglerus:
1387 424 1417 443 ‘⁶
1435 417 1694 460 Submteni-

176 484 299 537 gitur
333 485 489 531 κύλικα,
527 488 605 525 aut
642 483 831 525 simile.’'
874 493 1003 532 quem
1044 478 1145 520 vide
1174 479 1310 520 etiam
1341 477 1397 518 ad
1437 475 1695 531 Alciphron.

176 554 224 596 p.
251 539 347 583 148.
380 551 414 582 s.
443 540 666 594 Theognis
695 553 737 580 v.
756 538 854 580 484.
886 537 1080 580 Brunck.
1115 535 1273 577 πολλαὶς
1303 536 1436 577 πίνων.
1495 533 1696 576 Palladas

176 599 270 642 XXi.
295 612 379 641 ver.
402 596 441 640 9.
471 600 564 647 μίαν
586 598 620 638 δ’
641 598 854 646 ἐπιπίνωμεν
872 598 1013 637 αὐτοῖς.
1046 593 1269 648 SCHAEF]

665 681 692 708 ’ἓ
723 677 960 727 ΚὙΝΕΗ,
994 675 1211 722 GALEA.

240 753 387 805 Κυνένι,
407 755 581 808 quando
600 755 765 795 ἐλλιπῶς
783 766 861 807 pro
887 750 1013 809 galea
1037 753 1291 806 usurpatur,
1323 749 1586 793 subauditur
1619 749 1701 792 ali-

179 814 355 868 quoties
390 814 508 867 apud
549 811 803 858 Homerum,
850 811 927 851 ubi
964 811 1018 851 de
1047 810 1278 852 sortitione
1312 822 1456 852 sermo
1486 811 1567 850 est.
1626 806 1702 850 Sic

180 870 308 914 Iliad.
331 869 383 912 Ψ.
404 870 505 913 352.
561 868 631 910 Ἐν
648 869 685 910 δὲ
711 867 862 923 (κυνέῃ)
887 868 1051 924 κλήρους
1070 868 1268 916 ἐβάλοντο.
1289 869 1333 907 et
1360 881 1402 908 v.
1422 866 1524 909 353.
1551 865 1629 908 Ἐκ
1662 864 1702 907 δὲ

179 928 348 984 (κυνέης)
376 930 512 983 κλῆρος
544 925 630 982 θόρε
663 925 916 981 Νεστορίδαο.
978 924 1112 967 Plene
1142 925 1258 966 idem
1287 922 1412 966 Iliad.
1446 923 1498 967 Γ.
1527 937 1572 967 v.
1595 922 1698 966 316.

183 986 368 1042 Κλήρους
389 987 423 1026 ἐν
443 987 553 1040 κυνέῃ
573 984 776 1038 χαλκήρεϊ
792 985 947 1025 πάλλον
968 984 1130 1025 ἑλόντες.
1163 983 1378 1025 SCHWEB.

620 1067 646 1094 *
678 1065 928 1117 ΚΥΡΙΟΣ,
958 1065 1261 1110 DOMINUS.

239 1143 291 1186 In
321 1141 454 1192 αὖα-ὅς,
486 1141 663 1195 quando
692 1142 776 1184 hoc
803 1149 1048 1197 pronomen
1080 1143 1282 1184 absolute
1318 1155 1346 1185 a
1375 1142 1511 1185 servis
1539 1141 1594 1183 de
1613 1138 1703 1184 Do-

179 1201 300 1253 mino
323 1204 585 1255 usurpatum
617 1201 727 1241 item
759 1201 815 1242 ab
833 1201 1078 1242 ancillabus
1113 1195 1168 1243 de
1200 1200 1401 1243 Domina.
1464 1200 1538 1243 Sic
1557 1199 1706 1242 Arria-

181 1273 266 1302 nus
286 1259 475 1301 Dissert.
496 1259 575 1301 lib.
596 1258 628 1300 i.
657 1271 754 1313 cap.
783 1257 847 1299 19.
881 1260 921 1299 τί
941 1261 1042 1300 ποιεῖ
1055 1260 1197 1308 αὐτόςς
1232 1257 1340 1315 quid
1361 1256 1458 1315 agit
1477 1256 1706 1315 dominus?
1757 1291 1760 1296 .

182 1317 304 1359 Idem
337 1317 414 1359 lib.
447 1317 492 1358 ii.
524 1329 620 1371 cap.
650 1315 715 1358 19.
748 1317 814 1375 ὑπῗ
848 1312 982 1358 αὐτοῦ’.
1013 1330 1042 1358 α
1069 1315 1254 1359 domino.
1309 1309 1390 1372 [In
1421 1317 1587 1359 talibus
1618 1324 1707 1358 non

183 1375 352 1430 ellipsis
372 1378 440 1415 est
461 1374 650 1416 nominis
668 1377 804 1430 κύριος,
842 1375 918 1415 sed
949 1387 1188 1428 pronomen
1215 1374 1333 1415 αὐτὸς
1351 1376 1491 1417 vicem
1510 1373 1626 1428 gerit
1653 1374 1708 1414 il-

182 1435 269 1475 lius
289 1433 490 1474 nominis.
551 1431 785 1474 Verissime
807 1431 1096 1474 Casaubonus
1125 1433 1181 1474 ad
1208 1431 1434 1487 Theophr.
1469 1443 1516 1487 p.
1538 1429 1608 1473 34.
1639 1431 1706 1473 ed.

183 1490 327 1533 Fisch.
389 1496 419 1515 “
443 1490 558 1532 Sunt
592 1489 709 1531 αὐτὸς
739 1493 783 1531 et
815 1492 947 1532 ἐκεῖνος
974 1503 1098 1532 voees
1119 1503 1361 1538 servorum,
1392 1502 1504 1544 quas
1524 1489 1708 1530 honoris

182 1561 318 1591 causa
352 1546 541 1602 [malim,
575 1548 822 1602 compendii
853 1547 1006 1603 eausa]
1038 1549 1319 1603 propriorum
1351 1549 1581 1589 nominum
1611 1547 1708 1588 Ioco

182 1606 521 1661 usurpabant.”-
561 1604 771 1660 Idemque
806 1607 860 1647 de
898 1607 999 1647 aliis
1034 1607 1287 1660 hujusmodi
1321 1605 1618 1651 locut-ionibus
1644 1609 1708 1646 te-

184 1664 391 1712 nendum,
424 1677 461 1705 e.
488 1678 524 1706 c.
560 1665 614 1705 de
650 1677 755 1706 voce
790 1662 1181 1718 Pythagoreorum,
1214 1662 1331 1705 αὐτὸς
1361 1664 1447 1718 ἐ’φα.
1479 1661 1709 1718 Souna]

190 1722 211 1764 1
235 1721 436 1763 Corinth.
458 1723 517 1763 vi.
557 1720 619 1763 19.
651 1725 718 1763 οὐκ
750 1723 833 1763 ἐστὲ
862 1725 1020 1764 ἑαυτῶν.
1051 1736 1083 1764 S.
1115 1725 1240 1778 κύριοι.
1296 1721 1378 1769 Sic
1408 1721 1586 1775 ellipsin
1607 1733 1709 1774 Sup-

185 1780 280 1834 plet
300 1778 558 1821 Onosandet·
577 1792 669 1834 cap.
691 1793 735 1820 x.
759 1792 795 1820 s.
820 1779 858 1821 7.
889 1778 949 1820 Ti>
971 1779 1030 1828 μὴ
1050 1780 1164 1822 αὐτὸν
1195 1777 1284 1820 εἶναι
1316 1782 1388 1823 τῆς
1408 1783 1545 1821 ἑαυτοῦ
1565 1779 1712 1831 ψυχῆς

186 1839 318 1893 κύριον.
357 1850 399 1879 v.
436 1836 646 1879 Kusterus
682 1838 739 1878 ad
772 1837 1084 1892 Aristophanis
1125 1836 1243 1879 Nub.
1275 1850 1313 1878 v.
1349 1835 1450 1878 219.
1486 1836 1586 1878 coll.
1629 1836 1712 1877 hoc

186 1895 283 1949 ipso
322 1895 433 1936 libro
466 1896 511 1936 in
533 1895 771 1936 διδάσκαλος.
851 1894 960 1937 Item
995 1897 1040 1936 in
1076 1895 1372 1937 locutionibus
1421 1891 1511 1935 εἶναι
1557 1897 1710 1941 ἑαυτοῦ,

187 1951 363 2050 ἔενέσθαι
414 1955 578 1995 ἑαυτοῦε
645 1966 778 2007 quam
831 1954 1007 2009 ellipsin
1063 1953 1237 2008 supplet
1291 1951 1551 1994 Onosander
1597 1952 1629 1992 l.
1673 1965 1712 1993 c.

226 2023 403 2052 cnwnss.

248 2065 385 2108 Recte
416 2068 593 2109 omnino
627 2069 762 2110 celeb.
793 2069 1002 2110 Abresch.
1035 2069 1084 2111 in
1116 2068 1337 2110 animadv.
1370 2068 1427 2109 ad
1460 2065 1714 2120 AEschylum

191 2124 270 2165 lib.
293 2125 324 2164 i.
344 2136 388 2178 p.
416 2125 508 2167 172.
543 2129 677 2168 ἑαυτοῦ
693 2124 782 2168 εῖναι
801 2128 908 2168 satis
927 2128 1101 2168 obvium
1117 2139 1211 2168 esse
1227 2139 1310 2180 pro
1326 2129 1462 2168 ἑαυτοῦ
1477 2128 1595 2180 κύριον
1610 2121 1713 2165 εἶναι.

159 2180 163 2193 ‘
193 2176 296 2223 Huc
314 2183 431 2222 refer
450 2183 558 2224 illud
578 2182 703 2225 Pauli
724 2185 926 2240 Apostoli
954 2185 972 2226 1
993 2184 1095 2227 Cor.
1113 2185 1171 2227 vi.
1198 2182 1263 2225 19.
1286 2183 1350 2224 καὶ
1366 2186 1433 2224 οὐκ
1453 2184 1537 2224 ἐστὲ
1554 2185 1712 2224 ἑαυτῶν.

195 2236 284 2281 Ne'c
302 2239 402 2281 estis
420 2239 509 2296 ipsi
526 2242 657 2282 vestri
675 2244 801 2295 juris.
832 2241 882 2284 F.
904 2242 980 2284 ST.

192 2365 199 2372 q
531 2319 820 2373 ΚΩΛΎΜΑ,
851 2321 1238 2365 IMPEDIMEN
1243 2319 1387 2365 TUM.

190 2417 193 2418 ν
255 2392 393 2435 Deest
423 2394 516 2436 haec
534 2408 618 2436 vox
639 2396 686 2436 in
704 2397 894 2448 ἐμπόδιον,
925 2408 1023 2441 cum
1062 2397 1319 2441 obstaculum
1337 2395 1569 2451 significat.
1629 2393 1716 2437 Ad-

188 2451 262 2492 'dit
280 2450 513 2505 Euripides
530 2451 634 2493 Ione
653 2467 694 2495 v.
714 2453 823 2496 862:

370 2507 425 2550 Τι’
442 2509 517 2565 Ύοῖρ
538 2509 710 2558 ἐμπόδιον
730 2515 875 2562 κώλυμ’
898 2514 952 2554 ἔτι
972 2531 1048 2561 μοι.

255 2566 282 2592 *
312 2565 563 2620 Utrumque
574 2568 732 2622 copula
751 2570 1013 2625 interposita
1024 2573 1171 2626 jungit
1189 2570 1409 2615 Lucianus
1421 2574 1455 2612 t.
1469 2570 1534 2612 iii.
1555 2582 1600 2625 p.
1622 2566 1718 2610 141.

188 2622 377 2683 καθάπερ
408 2641 445 2664 τι
476 2626 644 2673 κώλυμα
678 2625 742 2666 καὶ
772 2628 943 2674 ἐμποδιον
975 2633 1234 2686 προορώμενοι.
1305 2627 1490 2683 Legitne
1527 2628 1575 2669 in
1614 2619 1720 2668 Ione

198 2679 252 2723 Τ.
274 2699 315 2730 «γ.
339 2683 370 2723 ἒ.
403 2683 570 2730 κώλυμοέ
589 2685 632 2723 τέ
652 2687 745 2731 gaon?
777 2683 980 2727 Ceterum
1016 2687 1069 2730 de
1104 2689 1185 2730 hac
1214 2688 1361 2743 ellipsi
1392 2685 1633 2728 Dbrvillius
1663 2685 1720 2726 ad

200 2732 369 2781 Charis.
389 2752 434 2793 p.
462 2739 555 2781 111.
616 2745 645 2764 “
670 2738 842 2782 Revera
874 2747 1032 2786 natura
1061 2759 1138 2787 sua
1173 2751 1269 2787 esto
1289 2745 1554 2799 adjectivum
1579 2740 1720 2797 [ἐμπό-

200 2795 311 2896 δέοτῷ
332 2801 380 2838 at
398 2798 584 2851 quodvis
604 2798 992 2850 substantivorum,
1013 2816 1102 2844 non
1123 2805 1263 2845 solum
1284 2806 1450 2850 κώλυμα
1468 2799 1720 2844 reticetor.”

238 2868 406 2897 cHAEF.

189 2901 200 2917 *Ι

545 2922 571 2948 ³¹*
604 2919 928 2972 ΚΩΛΎΤΟΝ,
960 2923 1233 2969 PROHIBI
1237 2925 1382 2969 TUM.
1524 2970 1531 2975 .

258 2993 511 3052 Adjecimus
529 2996 641 3040 hanc
659 3010 822 3048 vocem,
857 3011 943 3042 non
977 3002 1097 3055 quod
1126 3002 1230 3046 talis
1266 3001 1449 3060 Ellipsis
1479 2999 1639 3045 usitata
1668 2999 1752 3043 sit‘
1792 3003 1828 3042 P
