1838 3164
148 114 236 186 408
667 137 866 190 Empsxs
887 140 1164 179 vennonum,

152 249 255 278 νασε.
315 235 403 282 Kal
422 240 442 283 ὅ
460 239 508 284 *ria
523 241 666 292 ὀλίγον,
697 248 763 284 οὑκ
782 243 1035 288 νἰλαττόνησε.
1065 242 1160 287 sub.
1189 242 1395 295 συλλέξας.
1449 241 1557 289 Esse
1590 257 1669 288 au·

151 293 242 361 tpm
260 296 390 352 hujus
412 301 534 343 vocis
552 300 747 356 ellipsin,
776 301 904 345 docet
929 301 1068 344 Exod.
1103 303 1195 345 x‘vi.
1228 302 1295 352 17,
1316 305 1361 344 et
1385 300 1450 344 18.
1472 301 1671 346 Ἕκαστος

152 365 202 396 εις
227 353 315 398 τοὺς
334 355 578 423 καθήκοντζας
595 361 687 415 παρ’
709 360 815 416 αὑτῷ
836 359 1046 410 συνέλεξαν.
1078 359 1295 402 ScHWEB.
1499 380 1502 383 ¹
1542 374 1551 396 ἐ
1660 371 1662 374 “

283 446 311 473 *
331 445 750 498 ΣὙΜΒΑΙΝΕΙΝ,
781 446 1199 499 CONTINGERE,
1231 446 1537 492 EVENIRE.

211 515 460 563 Infinitivus
494 534 612 577 saepe
642 523 840 564 absolute
859 535 887 564 a
906 523 1192 578 scriptoribus
1218 524 1415 578 ponitur,
1445 521 1671 576 variisque

153 577 349 627 vocibus,
370 591 408 620 e.
429 593 474 633 g.
493 578 552 620 δεῖ
566 580 633 622 vel
654 580 755 636 χρὴ,
777 578 954 628 θέλησον,
973 583 1162 629 μέμνησο,
1190 580 1353 630 εἴωθενῆ
1365 581 1570 634 τυγχάνει,
1588 577 1671 621 ἐστὶ

153 637 240 675 cet.
262 637 488 679 contextui
510 639 725 679 sermonis
744 639 1056 680 convenienter
1087 642 1157 681 est
1187 638 1474 694 supplendus,
1509 637 1577 679 uti
1596 648 1674 680 ex-v

153 693 316 747 emplis
344 695 629 748 probavimus
660 695 717 736 ad
751 692 1004 737 Onosandri
1024 709 1063 738 c.
1084 696 1143 738 vi.
1202 695 1253 738 In
1276 698 1356 739 hac
1374 709 1477 737 vero
1496 695 1669 737 dicendi

151 747 315 798 forma,
345 753 535 794 maxime
570 754 607 794 si
641 754 880 807 particulae,
921 753 1020 802 ἐπεὶ,
1051 753 1195 802 ἐπειδὴ,
1225 756 1304 802 ὅτε,
1335 756 1401 803 ὡς,
1430 752 1669 795 Infinitivis

153 809 499 861 praemittuntur,
539 812 806 865 praecipuum
846 811 931 852 sibi
971 812 1117 854 locum
1145 811 1341 854 vindicat
1379 811 1424 852 τὸ
1454 812 1670 860 συμβαίνει,

155 865 226 906 vel
247 868 409 915 συνέβηε
441 872 593 921 estque
622 869 714 911 haec
739 870 908 923 ellipsis
927 882 1025 910 cum
1044 869 1145 910 aliis
1164 869 1343 924 optimis
1363 869 1670 924 scriptoribus,

154 924 251 964 tum
271 923 318 964 in
352 925 510 978 primis
546 924 768 968 Herodoto
786 926 1163 979 frequentissima.
1226 925 1300 969 Sic
1320 926 1572 969 Herodotus
1591 926 1669 968 lib.

154 980 205 1022 ii.
227 993 263 1022 c.
290 980 384 1024 118.
406 980 509 1024 Totis
527 982 579 1035 δ’,
599 985 681 1025 ἐπεί
697 1001 739 1025 τε
761 982 926 1024 ἐσελθεῖν
946 985 983 1026 ἐς
1002 983 1048 1025 τὸ
1066 987 1216 1038 τεῖχος,
1247 985 1436 1025 ἀπαιτέειν
1449 981 1612 1027 Ἑλένην
1627 999 1671 1024 τε

154 1037 221 1079 καὶ
241 1038 294 1079 τοὶ
313 1039 511 1095 χρήματα
527 1052 539 1081 2
570 1042 645 1083 ubi
665 1042 795 1095 plena
814 1042 976 1083 locutio
994 1041 1111 1083 foret
1127 1055 1138 1082 ε
1173 1043 1256 1097 ἐπεί
1273 1059 1315 1082 τε
1337 1039 1504 1082 ἐσελθεῖν
1519 1042 1673 1089 συνέβη.

155 1092 253 1136 Lib.
274 1096 324 1137 ii.
356 1110 394 1139 c.
421 1095 516 1138 162.
542 1098 625 1140 ε,Ως
648 1098 687 1140 δὲ
708 1097 912 1140 ἀπικέσθαι
929 1099 1044 1142 αὑτὸν
1073 1099 1171 1154 πρὸς
1198 1098 1262 1140 τὸν
1280 1098 1462 1154 Ἀπρίην.
1524 1097 1590 1154 [N
1594 1099 1695 1141 ihil'

155 1151 204 1193 in
226 1152 296 1194 his
329 1154 636 1208 similibusque
670 1157 856 1212 elliptici
889 1160 972 1206 est,
1001 1156 1118 1212 quod
1138 1157 1403 1211 explendum
1424 1156 1484 1198 sit
1511 1157 1673 1198 subau-

153 1211 314 1253 diendo
333 1213 514 1255 verbum
533 1213 723 1263 finitum,
744 1215 818 1256 sed
839 1215 1067 1256 modorum
1087 1215 1261 1256 obtinet
1281 1211 1481 1263 ἐναλλαξις
1499 1214 1557 1255 ob
1577 1226 1676 1256 ora-

154 1268 323 1310 tionem
355 1270 599 1323 obliquam.
659 1271 758 1315 Vid.
783 1270 842 1313 H.
862 1271 1075 1328 Stephan.
1108 1270 1312 1327 Append.
1348 1272 1405 1313 ad
1439 1270 1673 1326 Scriptaede

155 1324 276 1367 Dial.
308 1325 405 1369 Att.
438 1341 543 1383 pag.
572 1328 664 1371 138.
696 1329 924 1385 Sonam]
984 1329 1107 1371 Idem
1139 1331 1213 1371 lib.
1234 1331 1297 1371 iii.
1331 1342 1368 1370 c.
1395 1328 1488 1371 110.
1525 1327 1594 1370 Ta}
1624 1328 1672 1372 δὴ

155 1386 469 1432 ἀπαμυνομένους
488 1385 566 1427 ἀπὸ
581 1391 656 1427 τῶν
677 1386 908 1440 ὀφθαλμῶν,
922 1387 1019 1428 οὕτω
1039 1386 1179 1443 δρέπειν
1199 1386 1269 1430 τ’ἦν
1289 1387 1437 1429 κασίην.
1461 1385 1557 1427 Sub.
1575 1404 1673 1434 συμ·

152 1442 289 1488 βαίνει.
350 1440 528 1495 [Malim
548 1444 710 1492 dicere,
743 1443 1016 1486 Herodotum
1037 1448 1202 1486 rectam
1222 1444 1467 1485 orationem
1486 1444 1674 1498 abrupte

154 1499 380 1540 deflexisse
409 1500 455 1541 in
475 1501 724 1553 obliquam:
758 1502 804 1543 id
835 1501 953 1555 quod
984 1503 1144 1556 saepius
1177 1502 1324 1544 facere
1355 1502 1479 1543 solet.
1539 1499 1672 1543 Conf.

155 1555 232 1597 lib.
253 1557 284 1597 i.
307 1569 402 1611 cap.
436 1555 508 1600 59.
547 1557 774 1613 Somnum]
830 1557 1105 1611 Thucydides
1133 1559 1209 1601 lib.
1234 1559 1280 1600 ii.
1309 1572 1348 1600 c.
1376 1557 1698 1615 lO:Z.‘Ae'qr.÷¹rou⁴

155 1612 195 1655 δὲ
228 1614 292 1654 καὶ
320 1614 565 1663 Ἀλκμαίωνι
596 1621 651 1672 τῷ
675 1616 917 1672 Ἀμφιάρεω,
948 1617 1010 1657 ὅτε
1041 1616 1088 1660 δὴ
1119 1615 1291 1658 ἀλᾶσθαι
1325 1615 1439 1657 αὐτὸν
1474 1616 1581 1664 μετὰ
1612 1615 1676 1658 τὸν

155 1672 260 1723 φόνον
291 1674 362 1715 τῆς
381 1672 545 1728 μητρὸς,
576 1672 639 1713 τὸν
665 1673 857 1715 Ἀπόλλω
892 1676 1036 1717 ταύτην
1067 1673 1138 1717 τὴν
1169 1676 1241 1723 γῆν
1272 1675 1417 1729 χρῆσαι
1449 1674 1569 1715 οἰκεῖν.
1600 1675 1676 1716 ubi
1736 1727 1739 1729 ⁴

154 1726 405 1772 Infinitivus
442 1729 616 1771 ἀλᾶσθαι
648 1743 675 1772 a
705 1731 1013 1773 subintellecta
1046 1745 1149 1773 voce
1185 1733 1320 1779 συνέβη
1353 1730 1493 1773 dubio
1522 1733 1675 1786 procul

155 1787 336 1840 pendet.
399 1786 527 1843 [Non
559 1791 684 1844 puto.
742 1787 978 1830 Modorum
1011 1787 1213 1838 ἐναλλαξις
1246 1792 1315 1830 est
1347 1788 1405 1830 ob
1435 1790 1677 1832 orationem

156 1843 266 1886 item
295 1845 538 1899 obliquam.
599 1844 713 1887 Vere
744 1845 937 1889 Baverus
956 1847 1013 1889 ad
1041 1847 1086 1888 h.
1108 1847 1136 1888 1.
1169 1853 1199 1871 ‘⁶
1223 1845 1311 1888 Hic
1329 1849 1443 1888 certe
1462 1846 1677 1889 subintel-

157 1901 237 1956 ligi
259 1903 430 1957 nequit,
462 1901 589 1957 φασὶν,
620 1904 698 1945 sed
716 1904 848 1958 plane
869 1909 938 1946 est
955 1917 1053 1960 pro,
1075 1905 1139 1945 ὅτε
1157 1903 1204 1947 δὴ
1225 1904 1363 1946 νἰλᾶτο.
1394 1904 1549 1946 datum
1567 1904 1678 1947 illud

155 1965 314 2014 coeptae
349 1964 577 2003 structurae
610 1961 842 2015 obliquae.”
884 1960 1117 2019 Scrmmu]
1178 1960 1378 2003 Paeanius
1398 1961 1476 2004 lib.
1512 1961 1542 2003 i.
1566 1975 1605 2004 c.
1631 1962 1677 2004 9.

149 2016 303 2066 ”Ωστε,
333 2021 404 2071 κᾷιν
425 2018 545 2073 ἕτερον
566 2023 710 2072 φαῦλον
730 2017 818 2060 εἶναι
838 2018 1086 2076 (συμβαίνῃ),
1105 2022 1358 2073 καταφεύγειν
1378 2018 1440 2060 ἐπὶ
1461 2017 1523 2060 τὸν
1539 2019 1678 2076 ἕτερον.

158 2073 294 2116 Plene
315 2075 449 2117 habet
470 2074 728 2118 Onosander
747 2092 784 2119 c.
802 2078 925 2118 xviii.
959 2076 1007 2119 Ei
1029 2078 1068 2119 δὲ
1089 2079 1287 2126 συμβαίνει
1311 2075 1483 2126 γίνεσθαι
1502 2076 1574 2121 τῆν
1598 2078 1679 2127 μαί-

158 2148 240 2186 xm
262 2135 296 2173 ἐν
316 2134 470 2188 χωρίοις
499 2137 582 2175 cet.
642 2132 763 2175 Idem
790 2147 827 2175 c.
859 2136 945 2176 xxi.
987 2133 1114 2188 Ταχὺ
1146 2135 1221 2190 γάρ
1255 2150 1335 2175 που
1368 2136 1566 2183 συμβαίνει
1591 2132 1679 2178 τοὺς

158 2191 372 2239 πολεμίους
392 2189 666 2246 διαῤῥῆξαντας
686 2192 825 2239 αὐτὴν,
857 2191 972 2233 δίοδον
1000 2190 1213 2233 ποιεῖσθαι.
1242 2191 1463 2246 Josephus
1488 2190 1681 2244 Antiqu,

158 2245 268 2289 Jud.
290 2247 368 2289 lib.
389 2247 418 2288 i.
453 2262 491 2290 c.
508 2248 554 2289 xl.
581 2246 717 2303 “Ovsp
752 2253 859 2302 φιλεῖ
882 2249 1136 2305 (συμβαίνειν)
1166 2253 1245 2290 τοῖς
1274 2250 1457 2298 μεγάλων
1483 2247 1678 2290 ἅπτεὲιθαι

160 2304 439 2354 διανοουμένοις.
499 2304 584 2348 Pro
614 2318 702 2359 quo
735 2305 976 2361 Dionysius
1007 2306 1113 2349 Hal.
1141 2307 1219 2349 lib.
1248 2307 1308 2348 vi.
1338 2319 1383 2361 p.
1405 2305 1504 2348 377.
1534 2304 1622 2349 Οἷα
1641 2308 1678 2349 ἐν

159 2360 319 2416 ἀμαθίᾳ
335 2361 507 2413 γίνεσθαι
529 2366 646 2416 φιλεῖ.
678 2363 894 2407 SCHWEB.
1690 2388 1691 2391 ¹

352 2457 377 2483 κ
408 2454 847 2509 ΣΥΝΔΕΙΠΝΕΩ,
879 2455 1014 2499 CUM
1037 2454 1270 2504 ALJQUO
1299 2453 1492 2500 GOENo.

220 2529 273 2573 In
293 2543 346 2572 ea
364 2530 571 2578 formula,
602 2542 692 2583 qua
725 2528 867 2574 Graeci
901 2530 1156 2579 utebantur,
1187 2545 1322 2585 quum
1343 2532 1580 2584 invitarent
1597 2531 1677 2574 ali-

163 2602 297 2646 quem
316 2589 372 2630 ad
390 2588 667 2629 convivium:
700 2588 799 2629 ὅπως
819 2590 970 2644 παρέσει
989 2606 1071 2638 μοι,
1101 2590 1391 2644 supplendum
1416 2594 1485 2632 est
1507 2589 1678 2632 ’συνδειπ-

165 2648 377 2696 νησὸμενος.
435 2645 572 2687 Plena
595 2645 758 2687 locutio
777 2650 866 2688 est:
899 2645 1033 2696 δέομαί
1068 2663 1147 2695 σου,
1181 2647 1281 2689 ὅπως
1313 2649 1469 2703 παρέσει
1499 2664 1565 2696 μοι
1595 2664 1679 2687 συν·

167 2705 463 2753 δειπνησόμενος.
494 2703 582 2744 vid.
625 2703 944 2759 Aristophanes
974 2705 1019 2747 in
1050 2704 1178 2746 Avib.
1213 2703 1304 2747 131.
1378 2704 1453 2746 Sic
1495 2703 1676 2747 Latini:

169 2760 319 2805 Hodie
351 2760 470 2818 apud
502 2774 567 2803 me
594 2758 652 2802 sis
682 2760 791 2813 volo,
821 2775 881 2802 se.
917 2767 1170 2805 coenaturus
1201 2774 1381 2804 mecum.
1418 2759 1511 2804 Una
1529 2760 1679 2811 simus,

168 2821 262 2863 scil.
302 2819 527 2862 coenaturi.
573 2816 737 2859 LmsN.
805 2817 871 2866 Ex
909 2819 1230 2876 Aristophaneo
1262 2820 1439 2872 quidem
1471 2821 1566 2862 loco
1600 2832 1678 2861 no-

169 2880 247 2921 lim
281 2878 503 2931 colligere,
534 2874 713 2918 Graecos
741 2876 819 2918 illa
837 2877 1044 2928 formula,
1074 2891 1173 2932 quae
1193 2889 1221 2919 a
1240 2878 1455 2932 particula
1487 2877 1587 2919 ὅπως
1617 2876 1682 2931 (νί

168 2937 351 2987 comica,
380 2935 556 2992 opinor)
583 2934 771 2988 orditur,
809 2948 911 2978 cum
940 2937 1132 2992 aliquem
1161 2935 1219 2985 ad
1246 2935 1499 2990 convivium
1527 2934 1684 2995 invita-
