1838 3164
201 115 258 162 88
577 116 894 163 PLEONASMI
909 114 1347 160 ,ADVERBIORUNL

203 230 297 272 cuit
326 229 380 272 de
412 229 659 285 participiis
689 230 964 284 intelligendi
996 242 1129 273 causa
1161 229 1398 271 mutandis.
1457 226 1559 270 Non
1592 228 1714 270 enim·

202 288 371 342 ubique
390 289 502 330 tales
520 289 748 343 particulae
767 289 1044 330 adhibentur.
1102 287 1166 328 Ac
1200 301 1254 329 ne
1285 288 1374 328 τότε
1403 286 1580 339 quidem
1605 290 1714 341 *post

203 346 266 386 ὅτε
286 359 472 400 usquam
489 350 556 387 est
572 348 878 389 necessarium.
899 343 999 386 Vid.
1020 358 1056 386 e.
1074 359 1117 399 g.
1140 343 1249 386 Xen.
1267 343 1369 399 Cyri
1387 343 1509 386 Disc.
1522 356 1563 385 v.
1585 342 1625 391 1,
1638 342 1712 386 24.

204 402 277 444 Cf.
301 404 354 445 de
374 402 491 445 APA
512 402 558 444 S.
586 404 621 445 1.
1554 447 1558 449 ,
1634 437 1640 442 .

262 459 379 503 Vera
398 465 547 502 autem
565 473 696 503 causa
715 461 834 502 illius
855 459 1037 502 rationis
1056 461 1228 503 videtur
1259 472 1354 501 esse
1384 458 1714 514 perspicuitatis

205 518 434 571 cujusdam
469 520 783 572 gravitatisque
817 517 1020 559 studium.
1080 518 1196 560 Nam
1230 531 1329 560 cum
1361 518 1589 571 particulae
1610 517 1714 564 illae,

204 580 421 629 quantum
448 576 688 624 observari,
718 576 1012 617 adhibeantur
1026 577 1092 617 vel
1124 576 1171 617 in
1192 575 1422 617 sententiis
1456 587 1542 616 non
1561 575 1716 616 leviter

207 633 504 682 transeundis,
534 633 610 675 sed
646 634 879 687 diligenter
905 627 970 674 'ob
1004 634 1201 675 animum
1229 632 1542 688 proponendis,
1575 632 1642 673 vel
1673 633 1718 674 in

209 691 390 744 apodosi
420 695 522 746 post
550 692 792 744 longiorem
821 692 1050 744 protasin:
1084 703 1171 732 non
1205 691 1437 732 obscurum
1469 703 1560 731 esse
1592 693 1716 744 puto,

209 749 317 802 quid
340 747 480 791 Graeci
502 749 730 803 particulis
761 749 847 789 illis
879 748 1124 803 significare
1143 749 1374 790 voluerint.
1433 746 1525 788 Illis
1560 758 1716 801 nempe

211 806 476 848 monuerunt
494 807 549 848 de
569 807 699 848 rebus
732 807 912 859 majoris
943 806 1152 847 momenti
1183 806 1404 861 probeque
1422 805 1479 847 ob
1498 805 1543 847 id
1563 809 1718 847 notan-

209 863 295 914 dis,
327 865 545 918 simulque
571 864 871 911 ostenderunt,
903 864 950 906 in
982 864 1207 906 recitando
1236 863 1312 905 ubi
1331 875 1416 904 vox
1440 866 1552 904 esset
1575 864 1718 904 inten-

207 921 366 970 denda,
403 926 452 964 ut
488 935 542 963 ne
578 921 851 963 auditoribus
886 923 1064 975 quidem
1103 923 1336 964 obscurum
1376 923 1507 967 esset,
1538 920 1594 961 ad
1622 931 1725 972 quae

206 979 328 1022 dicta
341 980 536 1079 ‹rinZXime
556 980 869 1035 cogitationem
891 980 1133 1028 intendere,
1165 984 1209 1022 et
1226 992 1324 1034 quae
1350 978 1541 1020 maxime
1571 976 1722 1019 memi-

206 1038 324 1081 nisse
371 1050 394 1079 e
427 1040 567 1080 erent.

693 1134 857 1178 ΑΙΘΕ.
882 1135 984 1179 Vid.
1014 1134 1075 1178 EI
1111 1134 1238 1179 ΓΑΡ.

852 1233 1079 1276 ΑΛΛΩΣ.

268 1314 388 1359 Satis
405 1329 580 1371 gravem
601 1316 685 1358 hoc
704 1317 813 1359 facit
830 1318 1133 1371 pleonasmum
1148 1330 1220 1372 ap.
1239 1317 1581 1373 Aristophanem
1592 1316 1723 1374 Vesp.

212 1373 313 1417 929.
344 1375 403 1415 ἵνα
437 1374 497 1423 μὴ
520 1376 724 1424 κεκλάγκω
746 1374 913 1418 διακενῆς
934 1374 1065 1416 ἄλλως
1086 1377 1187 1423 ἐγώτ
1232 1376 1307 1416 sed
1340 1376 1433 1417 fere
1463 1377 1595 1418 nimis
1627 1388 1726 1429 gra-

212 1445 314 1474 vem
335 1432 382 1473 in
401 1431 555 1487 Eurip.
579 1430 689 1473 Hec.
711 1430 810 1472 488.
841 1444 898 1473 ss.
923 1430 986 1472 '³ss
1007 1431 1109 1479 Ζεῦ,
1138 1433 1178 1472 τί
1206 1431 1330 1482 λέξως
1360 1434 1508 1487 πότερα
1530 1435 1562 1473 σ’
1582 1431 1727 1489 ἀνθρώ-

212 1505 308 1530 vous·
328 1491 442 1544 ὃρᾷνς
474 1488 499 1533 ἢ
534 1487 644 1538 δόξαν
664 1488 797 1530 ἄλλως
828 1488 938 1532 τήνδε
967 1487 1178 1532 κεκτῆσθαι
1206 1491 1336 1537 adm,
1355 1489 1498 1538 ψευδῆ,
1530 1489 1728 1533 δοκοῦντας

216 1546 398 1595 δαιμόνων
419 1544 507 1588 εἶναι
525 1548 628 1595 «γένος
645 1561 656 1594 ;
677 1551 761 1588 etc.
807 1546 892 1587 Sed
911 1559 935 1587 e
958 1545 1204 1600 Musgravii
1225 1551 1269 1588 et
1289 1545 1461 1588 Reiskii
1477 1549 1729 1600 conjectura

211 1617 312 1645 cum
335 1602 554 1646 Brunckio
573 1617 655 1657 pro
677 1602 808 1644 ἄλλως
826 1604 1080 1658 reponimus
1101 1602 1252 1654 αὐτοὺς,
1280 1604 1398 1656 quod
1427 1616 1506 1645 nec
1535 1603 1730 1646 Porsono

212 1661 433 1716 displicet,
460 1662 535 1714 qui
566 1662 658 1702 sic:
697 1666 727 1685 “
750 1661 901 1702 deesse
935 1674 1176 1716 pronomen
1210 1662 1396 1713 videtur,
1431 1661 1518 1702 nisi
1551 1662 1728 1710 dixeris,

217 1725 250 1744 ‘⁴
273 1717 493 1774 ἀνθρώπους
512 1717 807 1773 supplendum
829 1720 869 1759 ἐκ
891 1722 1021 1770 κοινοῦ,
1055 1718 1173 1772 quod
1202 1722 1349 1761 tamen
1378 1719 1536 1760 durum
1571 1720 1731 1762 esset.”

218 1775 444 1818 Audacior
478 1780 561 1823 est,
596 1777 633 1818 si
666 1777 838 1817 litteras
875 1780 1062 1832 spectes,
1097 1778 1308 1818 mutatio:
1347 1776 1423 1818 sed
1455 1778 1731 1820 accusativus

219 1835 375 1876 abesse
395 1834 516 1875 nullo
542 1833 672 1875 modo
701 1837 866 1888 potest,
902 1847 1002 1876 cum
1030 1847 1118 1876 non
1139 1839 1347 1888 sequatur
1378 1832 1466 1875 τοὺς
1485 1834 1540 1882 3.,
1579 1835 1655 1876 sed
1675 1834 1734 1875 δο-

219 1896 395 1944 κοῦντας,
425 1892 520 1934 sine
539 1892 740 1933 articulo.
804 1891 973 1934 Similis
994 1896 1061 1935 est
1079 1905 1200 1934 error
1221 1894 1461 1947 scripturae,
1495 1893 1618 1945 cujus
1645 1905 1735 1934 sus-

220 1951 397 2004 picione
430 1949 584 1991 ductus
620 1954 686 1991 est
717 1947 914 1991 Dorville
943 1950 1000 1991 ad
1030 1949 1197 1992 Charit.
1234 1951 1327 1991 viii.
1365 1949 1407 1992 8.
1445 1949 1510 2004 (p.
1535 1949 1632 1991 676.
1663 1950 1746 1994 eds

225 2006 369 2062 Lips.)
399 2007 475 2060 qui
495 2007 785 2062 probabiliter
805 2021 886 2062 pro
907 2005 1037 2049 ἄλλων
1056 2008 1144 2062 legi
1164 2008 1259 2051 vult
1277 2011 1417 2050 αὐτῶν.
1451 2006 1605 2062 Itaque
1633 2007 1737 2051 Am-

227 2077 346 2108 mon.
366 2065 394 2106 l.
412 2065 443 2108 l.
465 2065 631 2108 frustra
649 2065 848 2107 defendit
867 2063 1013 2106 ἄλλως.

858 2165 1115 2208 ΑΜΕΛΕΙ.

288 2247 387 2291 Hoc
405 2252 451 2291 et
470 2252 649 2304 propter
665 2261 793 2291 usum
813 2252 857 2290 et
884 2253 1065 2304 propter
1088 2250 1279 2293 formam
1311 2250 1358 2292 in
1390 2249 1610 2292 adverbiis
1641 2262 1741 2304 pro-

229 2307 328 2363 prie
373 2309 436 2349 sic
483 2307 614 2349 dictis
654 2307 972 2348 numerandum
1014 2320 1183 2349 censeo.
1258 2307 1475 2351 Convenit
1505 2309 1624 2350 enim
1653 2307 1743 2349 illis

235 2364 405 2418 ἀμαχεῖ,
440 2363 617 2406 ἆσπούδεὶ
646 2369 730 2409 etc,
754 2368 797 2405 et
817 2364 981 2417 ubique
1013 2365 1076 2406 sic
1110 2366 1354 2417 adhibetur,
1383 2370 1435 2407 ut
1467 2367 1615 2420 inepte
1640 2366 1743 2418 quis

232 2425 403 2464 vertat:
436 2420 542 2464 bono
580 2421 725 2463 animo
757 2436 811 2472 es,
848 2420 941 2464 noli
972 2421 1177 2465 sollicitus
1209 2436 1307 2466 esse.
1368 2423 1463 2466 Nec
1491 2437 1596 2465 vero
1624 2423 1745 2464 aliud

234 2480 394 2522 Suidas
412 2480 587 2522 videtur
608 2479 852 2532 significare
883 2480 1088 2528 voluisse,
1119 2493 1253 2535 quam
1273 2482 1489 2534 originem
1508 2482 1575 2523 vel
1596 2481 1745 2535 potius

235 2538 545 2591 cognationem
564 2538 700 2586 vocis,
720 2550 820 2578 cum
840 2538 990 2592 posuit
1011 2538 1070 2587 μή
1093 2556 1144 2579 σοι
1171 2539 1325 2588 μελέτω
1356 2538 1416 2580 διὰ
1434 2543 1562 2581 τοῦτο,
1619 2537 1747 2580 Solus

235 2598 439 2638 accentus
469 2595 521 2636 de
552 2595 813 2649 imperativo
841 2596 935 2637 vult
961 2597 1169 2649 cogitari:
1202 2596 1278 2638 sed
1311 2597 1580 2650 ambiguitas
1614 2595 1746 2637 facile

236 2653 548 2708 grammaticos
575 2656 618 2694 et
638 2653 844 2694 librarios
865 2651 1051 2707 decepit,
1079 2658 1128 2695 ut
1160 2667 1238 2709 pro
1259 2668 1360 2696 vero
1378 2653 1514 2701 ἀμελεῖ
1545 2652 1745 2695 introdu-

235 2713 385 2754 cerent
404 2712 551 2758 ἀμέλει.
611 2709 658 2751 Si
683 2713 858 2763 etymon
888 2715 1153 2764 spectamus,
1183 2713 1329 2766 primo
1348 2725 1442 2753 esse
1467 2712 1638 2752 videtur
1653 2708 1747 2751 sine

236 2765 543 2814 sollicitudine,
574 2767 666 2808 sive
683 2771 733 2808 ut
758 2781 848 2808 uno
881 2769 1015 2810 verbo
1041 2769 1183 2810 dicam
1213 2769 1484 2825 confidenter.
1542 2767 1612 2810 Ita
1630 2780 1748 2809 com·

237 2826 366 2868 mode
386 2828 531 2867 vertas
553 2823 664 2866 Plat.
681 2839 770 2880 rep.
791 2826 868 2868 vii.
900 2827 984 2868 vol.
1006 2826 1084 2867 vii.
1114 2840 1160 2881 p.
1188 2827 1280 2870 178.
1304 2825 1400 2877 Ἓξ,
1421 2827 1509 2879 ἔφη,
1530 2825 1556 2871 ἢ
1578 2827 1750 2880 τέτταρα

234 2886 384 2934 λέγειςς
417 2880 598 2933 Ἀμελεὶ,
634 2879 752 2931 εἶπον,
785 2884 901 2925 πέντε
934 2882 1001 2926 θές
1022 2916 1032 2925 .
1056 2915 1067 2924 .
1091 2915 1101 2925 .
1123 2883 1293 2942 liquido
1316 2898 1347 2927 s.
1384 2883 1652 2939 confidenter,
1681 2881 1749 2925 in-

225 2955 380 3003 quam,
410 2953 525 3000 pone
561 2938 761 3004 quinque.
836 2939 953 2992 HInc
990 2944 1196 3001 usurpari
1234 2946 1442 3002 coeptum.
1464 2955 1550 3007 pro
1579 2939 1750 3002 utique,
