1838 3164
197 156 255 201 86
314 210 323 223 ί
541 152 863 199 PLEONASMI
887 149 1368 200 P'RAEPOSITIONUM,

186 273 387 332 fertilem
403 282 500 320 vero
519 275 672 320 t'erram
703 277 757 320 E.
796 290 959 336 quoque
983 278 1199 322 incolunt.-
1228 277 1399 337 quando
1427 277 1556 326 enim,
1587 286 1715 337 qnam

199 332 408 389 optimam
419 340 574 391 potest,
603 335 761 392 praebet
778 350 962 385 messem,
996 350 1082 380 non
1106 337 1262 386 minus,
1285 346 1410 395 quam
1429 335 1587 379 centies
1603 336 1711 380 mul-

199 390 417 459 tiplicatos
439 392 616 449 fructus
645 393 794 450 effert,·
833 393 915 436 illa
945 406 1041 437 vero
1076 395 1124 438 in
1158 394 1204 437 C.
1227 407 1313 437 non
1331 408 1383 436 m.
1407 407 1446 451 q.
1479 394 1708 438 trecenties.

199 449 275 492 Sic
293 451 430 492 etiam
445 450 595 494 Actor.
618 452 679 493 ix.
703 452 764 494 10.
788 454 832 493 in
854 451 914 493 ἐπὶ
935 452 1014 507 τρὶς
1028 455 1284 507 praepositio
1312 465 1543 495 numerum
1574 452 1712 506 signi·-

198 505 301 549 ficat
319 516 400 563 pro
420 510 485 550 rei
507 513 667 552 natura
681 522 904 563 magnum,
918 514 982 551 ter
995 510 1114 553 facto
1130 512 1206 552 illo
1221 511 1421 566 prodigio
1441 523 1451 557 ς
1473 521 1561 552 non
1577 510 1711 553 semel

201 565 434 614 iterumve,
457 568 574 619 quod
594 581 620 609 a
641 578 743 610 casu
764 569 864 622 quis
880 571 1028 622 posset
1046 573 1260 624 repetere,
1282 568 1357 610 sed
1371 569 1521 617 toties,
1537 566 1713 623 quoties

198 631 304 665 vera
322 628 367 666 et
384 636 412 665 a
431 623 526 667 Deo
546 627 681 668 missa
700 626 903 682 prodigia
934 626 1357 670 exsistunt.-A1iud
1387 627 1493 683 quid
1512 626 1566 668 de
1586 623 1648 670 ἐπὶ
1667 639 1711 669 v.

200 681 283 723 sub
305 680 387 724 ΩΣ
407 681 455 725 S.
477 682 514 725 6.

873 762 1056 808 KATA.

256 848 450 894 Multum
470 857 709 907 usurpatur
731 854 823 896 haee
839 867 974 908 praep.
997 853 1053 894 ad
1078 853 1374 909 periphrasin,
1404 858 1449 896 et
1481 856 1710 898 externam

198 909 418 962 quandam
451 912 872 953 commendationem
910 913 1077 966 praebet
1109 913 1316 959 orationi,
1359 911 1601 963 varietatis,
1632 923 1711 955 nu-

198 977 436 1015 merorum,
469 972 550 1010 etc.
610 967 677 1010 Τοὶ
697 970 801 1011 κατὰ
821 972 933 1010 πόλιν
954 974 1055 1012 sunt
1075 971 1128 1011 τὰ
1148 973 1219 1014 τῆς
1250 970 1412 1022 πόλεως,
1439 982 1507 1011 res
1532 967 1679 1012 civiles
1694 985 1711 1019 ,-

197 1022 278 1065 θεοῖ
305 1023 674 1124 οἷκέὒέΕλλάδα,
707 1026 775 1069 dz'z‘
810 1025 993 1070 Graecz'ae.
1025 1024 1128 1069 Vid.
1163 1031 1208 1069 et
1237 1028 1406 1082 Polybii
1446 1027 1591 1070 locum
1630 1027 1712 1070 sub

197 1084 312 1134 conj.
338 1083 381 1124 Ω
473 1114 481 1124 ,
505 1083 544 1125 2.

253 1138 338 1181 Sed
361 1141 675 1193 grammaticos
695 1145 906 1198 quosdam
939 1146 1203 1187 recentiores
1235 1141 1364 1184 video
1398 1143 1438 1184 ei
1461 1142 1551 1185 vim
1574 1143 1709 1186 etiam

192 1198 387 1240 tribuere
407 1201 767 1254 praepositionum
803 1202 903 1255 ἀμφὶ
923 1205 968 1244 ct
982 1203 1067 1257 περὶ
1097 1202 1210 1244 Sect.
1242 1201 1285 1243 2.
1308 1205 1353 1242 et
1381 1198 1544 1243 AEliani
1566 1202 1711 1243 aucto-

192 1256 326 1297 ritate·
348 1252 456 1298 illud
478 1256 668 1307 firmare,
700 1260 818 1314 apud
837 1274 968 1313 quem
1003 1259 1057 1302 V.
1093 1259 1151 1301 H.
1188 1260 1233 1300 ii.
1270 1258 1335 1300 13.
1356 1260 1388 1299 οἱ
1419 1259 1523 1300 κατὰ
1545 1257 1712 1302 Κλέωνα

191 1312 364 1354 dicatur
384 1328 465 1366 pro
489 1313 641 1357 Κλέων.
699 1316 785 1358 Sed
805 1318 905 1358 falsi
929 1319 1009 1359 illi.
1069 1317 1218 1359 Verba
1237 1318 1299 1359 sic
1324 1317 1514 1365 habent;
1546 1314 1616 1358 Οὐ
1633 1317 1709 1374 γὰρ

193 1372 226 1411 οἱ
245 1370 350 1412 κατὰ
375 1369 544 1413 Κλέωνα
562 1372 660 1425 (aut
683 1373 881 1428 Κλέωνος)
900 1373 943 1418 ἦν
964 1374 1010 1415 τὸ
1030 1374 1175 1429 δρᾶμα,
1206 1374 1288 1415 οὐδὲ
1307 1374 1496 1430 ἒκωμῴδει
1516 1371 1709 1415 Λακεδαι-

190 1429 353 1476 μονίους.
412 1427 481 1470 Ad
508 1431 652 1482 prima
686 1431 823 1483 igitur
857 1430 1077 1473 Scheffer:
1112 1438 1142 1457 ‘⁴
1166 1431 1316 1471 Socios
1351 1432 1445 1484 ejus
1479 1430 1707 1485 intelligit,

190 1491 222 1510 ‘⁶
256 1486 455 1527 homines
477 1487 864 1540 flagitiosissimos,
896 1489 950 1529 de
985 1489 1146 1542 quibus
1167 1487 1427 1529 Plutarchus
1451 1488 1496 1528 in
1520 1486 1704 1538 Pericle,

191 1548 222 1568 ‘⁶
255 1540 389 1585 Nicia
409 1544 523 1585 etc.”
583 1541 670 1586 Sed
691 1546 801 1587 benc
820 1549 971 1587 monet
985 1546 1141 1594 Joach‚
1173 1545 1393 1592 Kiihnius‚
1424 1547 1455 1586 οἱ
1475 1557 1561 1587 esse
1591 1545 1706 1588 dati-

187 1613 308 1643 vum.
369 1599 640 1643 Vertendum
661 1603 799 1655 igitur
820 1607 889 1644 est
907 1604 962 1644 ad
982 1605 1189 1645 verbum:
1222 1616 1306 1645 non
1325 1601 1438 1644 enim
1458 1601 1530 1644 illi
1545 1601 1708 1660 fabula

190 1665 282 1701 erat
312 1657 363 1700 de
381 1657 534 1701 Cleone
550 1674 564 1699 :
594 1660 636 1701 h.
658 1673 694 1700 e.
717 1673 804 1702 non
823 1659 938 1702 enim
957 1660 1009 1702 ab
1030 1674 1078 1702 eo
1102 1659 1264 1717 fabula
1284 1659 1541 1702 tractabatur
1561 1660 1620 1702 ad
1644 1661 1706 1704 ri-

191 1715 375 1758 dendum
406 1715 615 1759 Cleonem.
677 1716 864 1759 Dativus
896 1718 927 1759 οἱ
955 1718 1048 1759 sive
1067 1721 1189 1774 αὐτῷ,
1220 1722 1298 1759 aut
1318 1731 1399 1772 pro
1419 1732 1471 1760 eo
1505 1721 1569 1761 ὑπ’
1589 1723 1709 1766 αὐτοῦ

102 1772 107 1775 ’
189 1784 278 1815 non
315 1775 422 1815 bene
450 1774 788 1823 desideraretur,
819 1789 919 1818 cum
940 1780 1150 1830 sequatur
1183 1775 1264 1817 οὐδὲ
1295 1777 1415 1826 ἐκωμ.
1450 1775 1507 1817 Λ.
1568 1776 1642 1820 Sic
1663 1783 1708 1820 et

189 1836 366 1885 ceperat
402 1828 518 1873 haud
551 1831 682 1873 dubie
717 1831 994 1883 Perizonius,
1026 1834 1103 1887 qui
1137 1834 1191 1874 de
1223 1833 1367 1876 verbis
1396 1840 1475 1888 per
1504 1836 1702 1878 scolaris

189 1889 301 1931 nihil
322 1890 581 1944 disputavit.
641 1889 740 1938 Quo
776 1893 918 1944 magis
948 1893 1110 1934 mirum
1138 1896 1221 1940 cst,
1252 1889 1538 1934 novissimum
1568 1891 1706 1935 edito-

188 1958 283 1989 rem
317 1949 519 1990 assentiri
557 1947 791 1991 Scheffero.
853 1950 1009 2003 Neque
1043 1950 1220 1991 doctiss
1254 1948 1440 1991 Kuinoel
1475 1951 1619 1993 locum
1639 1951 1704 1993 di-

189 2005 381 2107 ligegter
419 2007 692 2062 inspexerat.
750 2006 851 2050 Vid.
878 2003 1021 2051 Fisch.
1053 2004 1286 2050 Animadv.
1307 2008 1362 2050 ad
1376 2003 1448 2050 W.
1471 2007 1550 2051 Gr.
1571 2009 1636 2051 iii.
1658 2008 1700 2052 b.

861 2158 1049 2202 META.

246 2239 362 2283 Cum
384 2240 728 2284 usitassssimum
749 2241 808 2283 sit
828 2240 990 2283 ἕπεσθαί
1020 2258 1103 2291 τινι,
1132 2243 1388 2299 praepositio
1406 2254 1562 2299 vacare
1589 2243 1708 2288 vide-

189 2304 264 2341 tur
284 2300 331 2340 in
351 2294 510 2346 ἕπεσθαι
537 2301 644 2348 μετοέ
670 2316 778 2340 τινος.
838 2297 894 2342 Et
913 2302 974 2342 sic
993 2302 1276 2343 statuendum
1298 2316 1321 2343 e
1342 2301 1562 2344 sententia
1581 2298 1706 2346 Reit-

188 2357 252 2398 zii
288 2357 345 2398 ad
376 2354 620 2399 Lucianum
654 2358 701 2399 in
733 2355 943 2414 Navigio,
974 2360 1057 2401 vol.
1081 2358 1173 2400 viii,
1193 2372 1238 2414 p.
1269 2356 1371 2401 496.
1404 2358 1578 2414 Bipont.
1638 2356 1707 2404 Ibi

191 2424 297 2456 sane
328 2414 453 2455 εἵπετο
478 2414 570 2464 μεθ’
597 2415 708 2464 aba&
739 2416 855 2457 idem
892 2429 985 2458 esse
1019 2417 1208 2465 videtur,
1241 2418 1358 2470 quod
1378 2417 1542 2459 diceres
1579 2417 1706 2460 εἵπετο

190 2472 298 2530 ἡμῖν,
319 2475 370 2513 ut
399 2475 536 2514 e'solo
556 2475 728 2514 aurium
746 2474 915 2527 judicio
934 2474 1041 2516 illud
1073 2475 1175 2516 huic
1208 2475 1530 2530 praeferendum
1550 2474 1702 2518 fuerit.

191 2528 279 2571 Sed
318 2532 497 2572 omnino
530 2532 639 2572 nihil
672 2531 941 2573 discriminis
973 2533 1087 2573 inter
1120 2533 1199 2573 has
1233 2533 1446 2574 formulas
1464 2530 1625 2588 ponit,
1657 2535 1706 2576 et

188 2586 409 2629 ἀκολουθεῖν
428 2589 563 2629 etiam
583 2589 727 2636 affert,
749 2590 867 2643 quod
889 2590 935 2630 in
970 2589 1026 2631 N.
1049 2588 1101 2630 T.
1124 2594 1311 2644 utraque
1331 2594 1550 2632 structura
1579 2591 1702 2644 poni-

187 2648 262 2687 tur
282 2646 376 2687 sine
403 2646 494 2686 ullo
528 2647 794 2688 discrimine.
856 2646 942 2688 Sed
971 2649 1207 2689 tenendum
1245 2655 1394 2690 tamen
1424 2653 1504 2698 est,
1544 2646 1702 2689 ἕπεσθαι

188 2704 295 2751 μετά
325 2719 419 2744 τινος
438 2716 531 2744 esse
563 2718 590 2745 a
613 2710 730 2759 tergo
752 2703 927 2746 alterius
943 2705 1079 2760 sequi,
1111 2706 1146 2747 it
1165 2709 1240 2747 aut
1259 2705 1364 2754 μετὰ
1397 2706 1455 2746 sit
1478 2709 1577 2761 post
1610 2705 1701 2746 sive

180 2773 296 2816 pone
312 2775 325 2801 .·
356 2764 399 2801 et
420 2761 528 2814 nihii
549 2762 711 2809 obstat,
734 2764 842 2814 quin
863 2764 926 2803 sic
946 2764 1083 2804 etiam
1105 2765 1133 2803 l.
1156 2763 1185 2803 1.
1218 2765 1458 2817 capiamus.
1519 2760 1558 2803 It
1578 2761 1698 2803 Aris-

186 2818 309 2873 toph.
333 2815 450 2859 Plut.
475 2817 728 2859 824.‘'E7100
765 2822 854 2868 μετ’
889 2822 997 2868 ἐμοῦ,
1027 2819 1238 2875 παιδάριον,
1269 2833 1437 2876 sequere
1468 2832 1533 2860 me
1571 2818 1697 2874 (proe-

185 2874 398 2930 euntem),
422 2884 546 2949 fuer.
609 2874 759 2928 Lysias
779 2876 969 2930 Ἐπιταφ.
1004 2891 1042 2919 c.
1081 2877 1122 2919 9.
1155 2875 1232 2930 (Ὁ
1265 2876 1429 2933 Ξέρξης)
1452 2908 1461 2917 .
1487 2908 1497 2917 .
1518 2906 1527 2917 .
1551 2873 1697 2932 ἄπειρον

181 2933 226 2974 τὸ
246 2931 399 2977 πλῆθος
418 2933 521 2983 mysi),
545 2933 639 2973 ὥστε
660 2934 723 2974 καὶ
754 2933 805 2974 ταὶ
821 2932 911 2977 ’ἔθνη
935 2935 986 2975 τοὶ
1006 2937 1094 2983 μετ’
1116 2938 1234 2976 αὐτοῦ
1254 2933 1571 2977 ἀκολουθήσαντα
1592 2932 1698 2975 πολὺ

179 2990 224 3035 ἂν
240 2993 344 3049 ’ἔργον
364 2989 420 3036 εἴη
439 2987 666 3042 καταλέξαι,
729 2989 816 3037 Sed
835 3002 912 3036 rex
933 3005 1032 3036 cum
1052 2993 1144 3036 suis
1163 2993 1285 3048 prior
1305 2993 1351 3035 in
1382 2991 1544 3035 itinere
1578 2991 1696 3039 ince-
