1838 3164
125 134 214 179 280
644 173 650 182 i
690 152 886 187 ELLIPSIS
905 151 1139 187 NOMINUM.

135 253 273 295 verba
291 253 368 297 ubi
389 253 651 310 simpliciter
666 257 814 311 posita
833 259 953 305 sunt,
970 260 1174 298 naturam
1195 253 1361 296 habent
1383 253 1627 296 mediorum
1647 265 1657 294 :

139 314 191 352 ut
208 324 449 366 pronomen
479 313 751 368 reciprocum
787 314 1133 356 subaudiendum
1164 314 1238 355 sit.
1301 310 1432 353 Conf.
1468 310 1660 354 Fischer.

141 367 239 410 Ind.
259 370 315 412 ad
351 369 546 427 Palaeph.
583 385 624 413 v.
663 371 928 421 Εἰσβάλλειν.-
972 371 1127 425 Itaque
1164 384 1252 413 non
1287 370 1463 418 mirum,
1494 370 1663 425 passim

142 427 246 469 addi
278 428 451 471 dativos
481 430 777 482 significantes
809 430 1086 478 comitatum,
1121 428 1482 482 quemadmodum
1512 427 1662 469 Latini

142 485 196 526 de
231 486 383 528 eadem
418 501 464 528 re
498 484 723 539 loquentes
758 488 965 529 ablativis
998 488 1259 543 simpliciter
1288 491 1488 528 utuntur.
1558 483 1662 530 vid.

144 541 422 586 Perizon.'ad
445 543 594 587 Sanct.
626 544 740 587 Min.
761 546 834 587 iv..
863 544 906 594 6,
934 544 1000 586 18.
1022 549 1067 587 et
1086 544 1311 588 Drakenb.
1333 544 1389 585 ad
1417 542 1512 586 Liv.
1535 543 1566 584 i.
1593 540 1663 591 14,

146 599 185 642 7.
218 600 420 646 sonim.

832 660 859 687 *θ
889 660 978 703 ΣΤ.

203 732 334 787 Apud
350 734 520 777 Atticos
555 735 602 776 in
623 736 927 791 compellando
961 739 1005 778 et
1025 737 1220 778 vocando
1247 736 1292 777 in
1311 748 1417 776 voce
1438 733 1547 776 οὗτος
1566 732 1666 774 sub-

147 791 330 833 auditur
352 796 409 833 σύ.
469 792 705 847 Sophocles
727 795 772 834 in
794 794 914 848 AJac.
952 809 992 836 v.
1017 793 1087 836 70.
1130 794 1334 836 οὗτος-σὲ
1365 796 1489 837 καλῶ.
1548 790 1670 833 Heus

149 853 295 891 ττι-τε
313 863 429 892 voco.
461 851 526 891 uti
549 851 666 907 apud
687 850 870 893 Latinos
898 852 998 894 heus
1019 858 1081 894 tu.
1142 866 1181 892 v.
1210 851 1443 893 Terentius
1470 847 1671 895 Eunuch.

149 907 297 948 Act.i.
322 907 392 949 Sc.
416 909 463 949 ii.
487 907 557 949 22.
591 909 805 951 Sonwssn.
867 910 1028 951 Addito
1065 907 1126 957 σὺ,
1163 909 1401 964 Sophocles
1432 905 1534 950 OEd.
1565 905 1666 962 Tyr.

148 977 191 1005 v.
234 963 354 1006 1141.
391 966 498 1007 οὗτος
527 965 572 1007 σὺ
606 969 766 1022 πρέσβυ.
837 966 940 1008 Vid.
979 968 1159 1020 egregia
1183 971 1290 1008 nota
1323 964 1581 1008 Ruhnkenii
1612 964 1670 1007 ad

148 1019 263 1063 Tim.
286 1020 389 1064 Lex.
412 1036 458 1077 p.
481 1022 582 1065 279.
608 1037 644 1065 s.
677 1023 878 1066 SCHAEF.
918 1048 920 1050 -

505 1104 996 1156 ΣὙΓΓΡΑΜΜΑΤΑ,
1029 1105 1309 1150 SCRIPTA.

207 1178 257 1222 In
271 1178 324 1220 ταὶ
340 1183 407 1221 τοῦ
420 1178 675 1231 Θουκυδίδου,
691 1180 743 1221 τοὶ
765 1186 833 1223 τοῦ
846 1180 1078 1237 “Ηξοδότου,
1098 1184 1151 1223 τοὶ
1171 1186 1238 1224 τοῦ
1256 1181 1550 1238 Ἀριστοτέλους
1563 1182 1673 1223 etcst’

211 1240 234 1263 ³¹⁶
265 1236 408 1278 Possit
423 1238 557 1279 etiam
578 1239 799 1280 interdum
818 1240 1047 1281 subaudiri
1079 1243 1298 1289 σύνταγμα,
1336 1252 1426 1293 qua
1456 1251 1562 1280 voce
1586 1238 1675 1280 uti-

150 1299 225 1337 tur
247 1293 528 1338 Herodianus
553 1297 634 1338 lib.
653 1297 701 1338 ii.
724 1311 762 1338 c.
792 1297 824 1338 1.
846 1298 882 1353 ξ.
911 1297 946 1339 1.
989 1297 1071 1339 ‘ns
1099 1299 1133 1338 ἐν
1161 1300 1301 1354 πρώτῳ
1337 1296 1581 1345 συντάγματι
1604 1299 1676 1339 τῆς

153 1355 318 1408 ἱστορίας
348 1351 576 1397 δεδήλωται.
652 1354 725 1397 Sic
763 1352 916 1397 Cicero
948 1356 1002 1397 ad
1041 1355 1235 1397 Atticum
1267 1356 1342 1397 lib.
1381 1355 1459 1397 xii.
1498 1367 1565 1409 ep.
1601 1352 1675 1395 45.

152 1410 251 1466 Ego
264 1409 333 1452 lzz‘c
356 1409 442 1452 duo
458 1414 618 1468 magna
633 1413 892 1461 συντάγματα
908 1412 1084 1456 absolvi.
1144 1412 1405 1464 Onosander
1421 1413 1466 1454 in
1485 1410 1676 1454 Prooem.

151 1467 254 1510 οὐδὲν
273 1468 708 1522 ἐσχεδιασμένον-τόδε
727 1473 895 1526 περιέχει
927 1471 971 1512 τὸ
1008 1474 1226 1521 σύνταγμα.
1262 1475 1307 1514 et
1327 1471 1433 1513 ibid.
1455 1465 1678 1512 ἆλῖευτικῶν

150 1544 194 1567 τε
215 1523 265 1571 αὖ
284 1526 348 1567 καὶ
363 1531 576 1583 γεωργικῶν
588 1529 880 1577 συνταγμάτων.
912 1528 1128 1571 SOHWEB.

508 1608 531 1632 ²*
560 1608 971 1660 ΣὙΓΓΡΑΦΕΎΣ,
1003 1609 1180 1654 SCRIP
1191 1609 1320 1653 TOR.

207 1690 260 1734 In
289 1692 426 1740 variis
465 1692 694 1746 adjectivis
734 1694 933 1737 absolute
971 1696 1127 1750 positis
1162 1696 1328 1750 ellipsis
1359 1696 1451 1740 haec
1489 1695 1676 1747 obtinet,

153 1763 192 1792 e.
215 1764 258 1802 g.
327 1749 550 1806 Ἵστοξικοῖ,
596 1749 636 1791 Γ
639 1751 844 1799 εωπονικοὶ,
882 1751 1160 1808 Στρατηγικοὶ,
1198 1752 1402 1802 Tam-moi,
1442 1758 1527 1796 cet.
1607 1752 1682 1796 Sic

155 1806 355 1850 AElianus
375 1807 500 1850 Tact.
523 1823 558 1851 c.
579 1810 732 1850 xxxix.
793 1807 948 1859 Ταγμα
968 1812 1074 1867 παραὶ
1094 1814 1172 1853 τοῖς
1199 1810 1408 1853 Τακτικοῖς
1425 1812 1592 1861 ’ἐμβολος
1610 1829 1680 1853 κα-

155 1869 298 1907 λεῖται.
359 1864 493 1908 Plene
515 1867 634 1921 apud
656 1866 838 1909 Sextum
870 1866 1079 1923 Empiric.
1114 1870 1321 1912 adversus
1357 1869 1681 1912 Grammaticos

156 1924 235 1965 lib.
259 1924 287 1964 i.
309 1937 347 1965 c.
366 1923 409 1965 3.
473 1923 573 1979 Περὶ
602 1930 758 1966 πολλῶν
780 1930 1150 1982 ἒπραγματεύσαντο
1186 1930 1447 1983 συγγραφέων,
1483 1931 1596 1970 τοῦτο
1612 1927 1682 1976 μὲν

154 1983 360 2037 ἱστορικῶν,
382 1986 495 2024 τοῦτο
514 1981 553 2023 δὲ
567 1984 786 2038 ῥητορικῶν,
809 1984 874 2025 καὶ
888 1983 960 2029 ἤδη
982 1987 1205 2039 φιλοσόφων.
1237 1985 1452 2028 SCHWEB.
1481 1996 1483 2000 ’

571 2074 595 2099 ¹*
626 2074 933 2124 ΣΎΛΛΑΒΗ,
965 2076 997 2118 S
1004 2075 1048 2119 Y
1043 2075 1263 2120 LLABA.

218 2155 268 2198 In
289 2169 331 2198 va.
363 2154 588 2210 δίφθογγος,
621 2158 738 2212 apud
774 2158 1098 2201 Grammaticos
1131 2161 1333 2203 absolute
1368 2165 1417 2203 ut
1445 2162 1685 2217 plurimum

161 2216 325 2270 posita,
346 2215 444 2256 sub.
469 2216 665 2262 συλλαβή.
726 2214 859 2258 Plene
878 2215 1070 2259 Isidorus
1092 2219 1137 2260 in
1159 2218 1447 2262 Grammatic.
1484 2229 1486 2231 ·
1506 2218 1684 2272 Origin.

163 2273 242 2314 lib.
267 2273 298 2314 i.
335 2287 374 2314 c.
414 2272 480 2314 15.
542 2270 831 2330 Diphthongae
859 2273 1027 2331 syllabae
1049 2274 1192 2318 Graeco
1208 2275 1380 2318 nomine
1406 2275 1542 2324 dictae,
1573 2275 1688 2334 quod

163 2329 213 2372 in
248 2329 311 2372 eis
338 2328 448 2372 binae
480 2330 644 2372 vocales
661 2331 926 2387 junguntur.
973 2332 1190 2375 ScnwEB.
1270 2333 1339 2376 Ne
1372 2335 1472 2388 quis
1501 2334 1688 2377 miretur

166 2386 325 2430 Isidori
347 2389 647 2443 diphthongas
667 2388 867 2445 syllaba&
904 2391 1016 2433 sciat
1037 2405 1184 2433 vocem
1218 2393 1400 2440 συλλαβὴ
1436 2393 1524 2435 dici
1566 2409 1689 2433 κατα-

162 2445 388 2502 χρηστικῶς
421 2446 474 2487 de
507 2447 729 2488 vocalibus
766 2450 1118 2504 μονογραμμάτου.
1207 2447 1308 2504 Ipse
1343 2448 1537 2492 Isidorus
1577 2451 1607 2492 l.
1649 2463 1687 2492 c.

170 2510 201 2530 ‘⁶
234 2517 393 2545 -vere
428 2504 506 2545 illa
540 2508 606 2545 est
640 2505 824 2559 syllaba,
857 2520 955 2560 quae
985 2520 1038 2548 ex
1071 2507 1271 2562 pluribus
1305 2509 1503 2550 nascitur
1531 2507 1687 2550 literis.

169 2561 287 2605 Nam
321 2574 456 2604 unam
489 2559 683 2603 vocalem
713 2576 795 2617 pro
821 2565 988 2618 syllaba
1027 2565 1228 2613 abusive,
1259 2578 1346 2607 non
1372 2566 1549 2622 proprie
1582 2560 1689 2607 dici-

168 2618 309 2661 mus.”
348 2618 401 2675 [fss
437 2619 674 2675 ducimus]
750 2619 956 2675 Idemque
992 2621 1137 2665 Graeci
1172 2620 1461 2666 Grammatici
1494 2626 1688 2665 monent.

168 2676 363 2719 Thomas
387 2676 507 2730 Mag.
539 2689 585 2731 p.
621 2677 721 2719 816.
764 2679 828 2719 καὶ
864 2680 938 2736 γαρ
959 2682 998 2722 αἱ
1027 2682 1345 2737 μονογραμματοι
1367 2684 1694 2736 καταχρηστικῶς

171 2737 349 2784 λέγονται
390 2735 601 2783 συλλαβαί.
644 2736 720 2777 ubi
772 2735 1112 2793 Oudendorpius
1161 2741 1479 2794 μονογραμματοι
1518 2742 1691 2781 tentare

174 2806 262 2835 non
297 2792 498 2834 debebat.
577 2790 706 2834 Conf.
736 2791 927 2837 Fischer.
967 2797 1023 2838 ad
1053 2795 1235 2838 Weller.
1269 2797 1297 2837 i.
1328 2809 1371 2851 p.
1402 2795 1504 2838 222.
1573 2793 1692 2843 Quid

213 2923 233 2948 ⁴1
254 2917 345 2950 Idem
358 2926 492 2958 quoque
516 2917 551 2949 in
572 2927 712 2950 numero
725 2912 901 2960 siingulari.
968 2919 993 2950 ἓν
1022 2922 1064 2960 τῷ·
1093 2919 1157 2964 περὶ
1182 2919 1423 2958 amadan-sc.
1450 2921 1695 2966 συγγράμματι.

172 2962 328 2997 AElianus
354 2960 434 2993 Var.
446 2960 538 2995 Hist.
554 2960 601 2995 iv.
619 2964 671 2995 14.
702 2962 901 3006 Ἀναξαγὸμς
966 2962 1182 3005 scuomm.
1551 2971 1553 2973 ’
1607 2966 1611 2973 ’
