1838 3164
143 153 221 198 156
694 163 888 197 ELL1Ps1s
907 159 1139 195 NoMlNUM.

143 266 648 323 tegrum-proverbium
665 270 747 314 est,
769 269 812 307 et
839 265 972 304 πάντα
992 260 1100 302 λίθον
1130 259 1235 298 κινεῖν
1273 253 1406 310 (Plin.
1435 254 1467 296 i.
1489 267 1558 309 ep.
1579 252 1653 295 20.

149 327 239 383 15.)
269 340 312 368 v.
335 325 498 368 Zenob.
515 324 745 366 Paroemm.
766 322 807 370 6,
831 322 898 362 63.
957 316 1157 372 Apostol.
1181 314 1248 363 15,
1269 314 1338 356 65.
1371 318 1416 355 et
1440 314 1575 353 πάντα
1598 328 1651 351 κι-

145 389 214 427 νεῖν
244 386 382 440 ’ωέτρον
404 383 574 438 (Eurip.
604 380 854 423 Heraclidd.
884 376 1028 430 1002.)
1056 389 1097 416 v.
1119 373 1309 427 Diogen.
1334 372 1379 420 7,
1399 368 1541 423 423²}
1561 367 1654 410 Fis-

146 443 260 484 cher.
276 442 332 482 ad
360 440 538 483 Weller.
555 441 621 480 iii.
650 439 684 480 1.
707 452 751 492 p.
770 436 868 477 258.
931 433 1148 488 Suppleas
1177 432 1311 472 etiam
1343 430 1485 474 κάλων.
1548 425 1653 467 Pro-

144 500 358 542 verbiales
394 500 511 540 enim
542 497 779 539 locutiones
801 492 995 546 ejusdem
1018 489 1351 542 significationis
1372 491 1487 537 sunt,
1518 484 1654 524 miv-ra

146 558 274 598 κοίλων
309 559 430 604 κινεῖν,
452 558 569 603 σείειν,
603 554 790 602 οἷνασείειν,
824 549 968 599 ἐξιέναι.
1030 547 1156 588 Philo
1191 546 1246 587 de
1282 544 1434 587 Somn.
1466 557 1512 598 p.
1557 539 1653 582 162.

145 615 215 656 ed.
246 612 434 655 Wechel.
468 614 600 654 πάντα
629 611 698 658 μὲν
731 607 789 650 οὖν
819 608 992 649 οένασείειν
1028 606 1155 646 κοίλων
1185 602 1314 658 (Cod.
1350 602 1481 644 καλὸν.
1519 598 1658 642 voluit

147 673 279 719 κάλον,
298 684 390 724 quae
407 671 546 713 forma
573 668 689 709 haud
717 679 815 708 raro
844 665 1048 711 occurrit,
1080 663 1142 704 sic
1170 666 1315 703 tamen
1353 665 1404 702 ut
1432 659 1533 701 libri
1564 656 1657 698 fere

147 730 335 770 varient.
397 726 524 768 Conf.
566 724 829 774 wesseling.
860 722 915 763 acl
950 722 1129 772 Diodors.
1166 718 1254 760 Sic.
1276 725 1310 761 t.
1334 720 1364 760 i.
1394 731 1438 772 p.
1463 716 1565 762 203,
1586 710 1655 754 84.

147 787 204 827 ad
225 786 430 827 Herodot.
453 799 496 839 p.
521 782 615 830 115,
636 781 707 822 32.
766 779 925 822 Facius
945 781 1000 821 ad
1021 778 1206 820 Pausan.
1224 778 1272 818 ii.
1292 776 1366 825 37,
1393 775 1434 817 5.
1495 772 1657 815 Brunc-

148 844 249 886 kius
269 844 326 885 ad.
346 842 568 895 Aristoph.
605 839 707 881 Pac.
742 852 782 880 v.
817 836 916 879 458.
975 837 1210 879 Jacobsius
1244 836 1301 877 ad
1332 833 1563 886 Crinagor.
1584 841 1658 870 xv.

149 900 192 942 2.
226 901 337 943 Add.
366 900 547 942 Diodor.
579 896 665 938 Sic.
688 897 794 938 xvii.
828 894 1027 951 capc43.
1058 895 1135 936 ubi
1167 894 1289 935 nulla
1317 905 1372 934 ex
1400 891 1525 932 libris
1557 900 1659 929 eno-

149 961 245 1000 tata.
264 957 485 1012 varietas.)
501 956 689 1009 οέχαλίνου
709 954 901 1001 στόματος
921 953 984 994 καὶ
1015 952 1230 1006 κατηγόρου
1262 952 1458 1000 «γλώττης.
1489 947 1546 989 ad
1561 958 1603 999 q.
1626 943 1656 984 l.

151 1017 246 1069 lege
264 1017 434 1057 doctam
461 1017 608 1055 notam
641 1011 884 1054 Hoeschelii
919 1025 964 1066 p.
992 1009 1094 1052 255.
1132 1013 1177 1050 et
1197 1009 1315 1050 conf.
1352 1005 1659 1048 Hemsterhus.

150 1075 207 1114 ad
226 1072 404 1114 Lucian.
425 1075 459 1112 t.
491 1073 521 1112 i.
543 1084 586 1124 p.
616 1069 709 1111 173.
741 1068 1003 1110 Valckenar.
1027 1067 1168 1108 Diatr.
1201 1067 1247 1108 in
1268 1064 1438 1117 Fragm.
1461 1059 1658 1116 Euripid.

150 1144 192 1184 p.
213 1130 308 1171 233.
341 1129 476 1183 Toup.
505 1127 678 1168 Emend.
714 1128 758 1168 in
782 1126 903 1168 Suid.
939 1132 969 1167 t.
992 1127 1037 1166 ii‘.
1071 1138 1112 1179 p.
1135 1124 1204 1166 20.
1239 1137 1303 1176 sq.
1342 1121 1570 1173 Musgrav.
1605 1116 1662 1158 ad

149 1186 299 1242 Eurip.
320 1186 435 1227 Med.
457 1200 498 1226 v.
517 1184 616 1225 282.
650 1183 791 1225 Belin.
815 1187 870 1226 ad
908 1183 1087 1226 Lucian.
1120 1186 1151 1222 t.
1172 1197 1213 1224 v.
1234 1196 1275 1236 p.
1306 1179 1406 1222 315.
1437 1173 1662 1229 Sonam]

150 1243 267 1286 Idem
287 1246 331 1285 in
353 1245 428 1285 illo
450 1241 659 1284 Senario:
697 1242 751 1283 δῖς
781 1243 870 1298 «πρὸς
900 1242 963 1283 τὸν
994 1240 1108 1283 αὑτὸν
1142 1238 1270 1294 (λίθον
1299 1235 1549 1293 προσκρούειν)
1578 1238 1665 1275 τοῖι-

151 1319 212 1343 τον
244 1305 310 1342 οὐκ
341 1303 419 1342 ’ἐστι
454 1304 579 1353 σοφοῦ.
641 1299 786 1347 Quam
807 1300 984 1354 ellipsin
1006 1299 1215 1353 supplent
1245 1295 1465 1339 Zenobius
1492 1293 1557 1334 iii.
1589 1289 1661 1332 29.

150 1364 194 1401 et
229 1358 529 1412 Diogenianus
559 1359 616 1399 iv.
652 1357 717 1399 19.
782 1356 856 1400 Sic
886 1356 1045 1399 Latine
1075 1356 1207 1397 habet
1238 1354 1460 1395 Ausonius
1489 1348 1663 1405 epistol.

150 1418 212 1515 >Sti
235 1430 279 1471 p.
303 1415 401 1458 515.
435 1422 480 1457 tu
501 1423 548 1458 ut
574 1422 646 1458 tua
676 1413 803 1472 culpa
828 1415 886 1458 ad
901 1414 1092 1457 eumdem
1118 1412 1308 1470 lapidem
1329 1409 1394 1453 bis
1415 1407 1660 1466 offenderes.

190 1487 365 1516 CHWEB.

619 1531 645 1558 ³¹*
676 1528 913 1579 AIMHN,
939 1528 1059 1573 POR
1071 1526 1192 1572 TUS.

207 1605 409 1648 Ἐλλιπῶς
441 1606 558 1661 apud
585 1607 816 1660 scriptores
849 1618 961 1659 saepe
991 1607 1197 1658 leguntur
1217 1603 1350 1646 verba
1379 1600 1669 1649 ἀνάγειν,“κατ-

156 1665 273 1713 οίιγειν,
291 1664 491 1720 καταίρειν.
523 1666 569 1705 in
588 1665 745 1716 quibus
764 1663 1026 1704 subauditur
1046 1664 1096 1704 εἰς
1126 1664 1277 1710 λιμένα,
1308 1660 1378 1701 Vel
1400 1657 1476 1699 ἀπὸ
1505 1658 1668 1707 λιμένος.

155 1721 230 1764 Sic
251 1721 466 1763 Homerus
488 1720 640 1775 OdySS.
673 1719 727 1762 Γ.
766 1720 830 1762 10.
879 1718 937 1762 Οἱ
956 1720 995 1760 δ’
1019 1718 1103 1761 ἰθὺς
1133 1721 1362 1768 κατάγοντο.
1382 1729 1417 1760 S.
1441 1718 1492 1758 εἷς
1520 1717 1668 1764 λιμένα.

157 1780 303 1821 Actor.
326 1780 458 1821 xxvii.
490 1779 532 1820 2.
590 1777 869 1832 Ἀνήχθημὲν.
903 1777 1038 1820 Plena
1057 1778 1217 1819 locutio
1235 1775 1421 1818 occurrit
1440 1774 1559 1829 apud
1588 1772 1669 1813 Ar-

157 1839 330 1879 rianum
351 1836 537 1878 Dissert.
574 1838 652 1877 lib.
682 1838 748 1878 iii.
777 1850 872 1890 cap.
902 1835 973 1876 21.
1030 1834 1149 1876 Ἀλλ’
1182 1834 1258 1875 ἀπὸ
1280 1835 1429 1882 λιμένος
1454 1833 1525 1881 μὲν
1556 1829 1673 1871 οὐδεὶς

160 1896 356 1943 ἀνάγεται.
391 1896 448 1936 cf.
490 1893 773 1939 Eustathium
804 1895 861 1935 ad
892 1892 1017 1935 Iliad.
1053 1892 1103 1934 Σ.
1133 1906 1178 1946 p.
1211 1891 1360 1933 953.1.
1391 1889 1462 1931 31.
1523 1887 1598 1930 Sic
1627 1889 1674 1929 in

161 1954 346 2007 καταίρειν
378 1953 552 2006 ellipsin
588 1954 762 2006 supplet
797 1951 1038 2005 Dionysius
1070 1949 1174 1992 Hal.
1198 1950 1273 1990 lib.
1313 1950 1343 1990 i.
1360 1961 1405 2002 p.
1425 1946 1496 1988 43.
1557 1944 1674 1987 Κατ-

161 2011 317 2064 ᾴραντες
351 2011 401 2050 εἷς
433 2012 568 2058 λιμένα
596 2011 726 2051 καλὸν.
756 2010 970 2052 SCHWEB.
1031 2007 1139 2050 Haec
1172 2019 1345 2060 quoque
1382 2004 1550 2058 ellipsis
1580 2004 1675 2045 sine

162 2079 294 2108 causa
326 2067 480 2108 idonea
514 2067 696 2108 conficta
729 2072 828 2115 est;
879 2071 1145 2122 poteratque
1184 2063 1483 2106 Schwebelius
1525 2061 1675 2103 eodem

159 2125 259 2176 jure
296 2122 523 2177 Ellipsium
564 2123 825 2179 Catalogum
856 2138 1018 2178 augere
1059 2125 1128 2165 his
1160 2123 1425 2168 nominibus,
1467 2118 1675 2167 Βαβυλὼιι,

157 2180 315 2228 Ῥώμη,
333 2180 474 2229 Σοῦσα,
494 2182 593 2222 aliis
623 2182 668 2222 id
691 2196 846 2235 genus,
879 2189 928 2224 ut
948 2182 1315 2235 significationem
1340 2179 1569 2219 verborum
1589 2179 1687 2217 α’να-·

165 2239 300 2287 βαίνειν
321 2242 365 2279 et
378 2240 616 2287 καταβαίνειν
637 2241 906 2293 singularem
921 2241 1172 2294 explicaret.
1235 2237 1440 2279 SanEF.

223 2296 249 2322 *
280 2294 490 2349 Neglexit
508 2295 725 2338 Diodorus
757 2298 844 2340 Sic.
880 2297 995 2339 Bibl.
1030 2298 1108 2338 lib.
1132 2297 1190 2337 ix.
1213 2296 1259 2336 in
1293 2293 1509 2348 adjectivo
1538 2290 1677 2335 Φαλη-

167 2357 269 2409 ρικῷ,
291 2351 516 2401 ΡΙιαίαγεο,
550 2355 612 2395 vel
644 2356 790 2408 potius
820 2356 1082 2398 emendante
1113 2352 1335 2395 Scheffero
1354 2348 1575 2393 Phalerico
1595 2349 1682 2403 (vel

169 2408 398 2476 Phaleraeo.
431 2409 584 2465 Steph.
611 2410 793 2466 Byzant.
826 2412 1079 2468 Φαληραῖος.)
1138 2409 1275 2453 Portu
1304 2410 1418 2451 dixit
1452 2407 1602 2463 Nepos
1632 2409 1682 2450 in

166 2466 447 2509 Themistocl.
478 2469 534 2509 vi.
576 2468 611 2508 1.
671 2468 791 2511 Idem
826 2472 1107 2518 vocabulum,
1136 2471 1201 2511 vel
1230 2468 1350 2516 ἀκτὴ,
1380 2467 1497 2520 quod
1525 2466 1682 2519 adjicit

169 2523 361 2567 Musaeus
381 2526 434 2566 de
445 2524 549 2567 Her.
565 2531 608 2567 et
623 2524 807 2568 Leandr.
824 2542 910 2570 ver.
929 2528 1028 2570 259.
1045 2527 1396 2569 subaudiendum
1415 2525 1461 2566 in
1476 2526 1682 2577 ναύλοχος,
1706 2562 1710 2565 ,

168 2583 222 2623 de
240 2596 326 2635 quo
346 2584 461 2625 conf.
483 2596 630 2637 progr.
648 2585 700 2625 de
721 2586 969 2627 nominibus
990 2585 1185 2639 Smyrnae
1202 2585 1242 2640 ξ.
1270 2584 1306 2626 l.
1337 2582 1387 2624 F.
1410 2581 1488 2624 S'r.
1549 2580 1681 2623 Plene

169 2643 359 2707 vaqxoxof
406 2641 525 2689 λιμὴν
560 2639 779 2682 Homerus
820 2644 981 2696 passim
1023 2644 1166 2685 habet.
1241 2641 1487 2689 Philonica‚
1524 2639 1684 2692 quibus

169 2701 307 2739 utltur
324 2699 549 2739 ballierius
569 2699 624 2739 ad
643 2698 794 2740 Thom.
819 2699 937 2753 Mag.
955 2714 996 2754 p.
1018 2700 1114 2742 927.
1129 2704 1206 2742 τοῖς
1226 2698 1414 2743 ἀληθείας
1431 2697 1684 2750 ναυλοχωτοέ-

175 2772 250 2795 τοις
272 2755 490 2810 ὑποδρὸμοις
518 2755 581 2795 καὶ
613 2758 757 2804 λιμέσιν
785 2757 1061 2811 ἐνορμίσασθαι.
1123 2759 1277 2802 Obiter
1306 2769 1478 2803 moneo,
1513 2751 1684 2795 'Dexieis

176 2813 449 2854 inferendum
479 2826 571 2854 esse
599 2825 758 2854 nomen
784 2816 1000 2867 ναυλόχιον,
1031 2830 1119 2869 quo
1140 2829 1245 2857 usus
1264 2818 1340 2856 est‘
1351 2812 1684 2866 Aristophanes.

175 2868 271 2911 Vid.
290 2869 459 2935 Eragm.
484 2869 691 2925 Babylon.
715 2873 770 2911 ix.
832 2870 1041 2926 Reperias
1059 2874 1174 2916 idem
1194 2874 1240 2916 in
1261 2871 1420 2915 Lexico
1437 2869 1687 2912 Herodot‘eo

173 2941 215 2983 p.
242 2927 333 2969 17b.
355 2929 395 2970 b.
417 2929 482 2970 ed.
505 2927 685 2971 Wessel.
718 2929 915 2972 SCHAEF.
