1838 3164
119 132 211 178 252
666 145 864 182 ELLIPSIS
884 144 1121 181 NoMlNUM.

126 247 372 291 Anachars.
403 246 470 292 καὶ
491 247 722 304 θαυμάζειν,
747 248 854 304 φησὶ,
875 246 1170 292 πῶς”Ελλνινες
1198 246 1492 303 ἅρχόμενοιιμὲν
1513 246 1549 305 εἶν
1565 265 1656 296 μικ-

125 309 203 363 ροῖς
231 308 394 356 πίνουσι,
431 306 677 351 πλησθέντες
712 307 750 350 δὲ
787 310 822 348 ἐν
853 307 1054 356 μεγάλοις.
1126 304 1258 347 Plene
1293 304 1595 348 Artemidorus
1625 306 1656 348 i.

123 378 172 420 p.
194 363 267 407 56.
301 367 336 406 ἐν
354 367 540 416 μεγάλοις
567 368 764 422 ποτηρίοις
795 365 925 407 dixit.
987 362 1060 406 Sic
1092 365 1277 419 προπίνειν
1313 363 1383 406 τινὶ
1416 365 1654 418 φιλοτησίας,

129 436 188 466 sc.
210 423 388 479 ποτήριον
409 425 479 466 vel
501 426 654 465 κύλικα.
1391 426 1393 429 ’

589 531 617 558 *
646 529 879 581 ΠΟΤΟΣ,
910 529 1074 575 ΡΟΤΑ
1086 529 1197 575 ΤΙΟ.

186 617 424 674 Euripides
448 617 628 675 Cyclop.
650 634 692 662 v.
715 616 818 663 4'53.

293 676 430 719 ”Οταν
451 678 485 718 δ’
505 680 660 735 ὑπνώσῃ
682 678 863 733 Βακχίου
883 678 1094 729 νικώμενος.

304 733 448 782 Quum
466 742 610 778 autem
621 735 721 779 vino
736 736 900 793 sopitus
909 737 1075 795 fueris.

63 790 69 806 ¹
130 790 223 833 Ubi
244 791 291 833 in
330 792 511 847 Βακχίου
533 796 688 849 supple
710 797 847 843 πότου,
879 797 943 838 vel
966 797 1152 844 νάματος,
1187 807 1323 848 quam
1351 806 1502 836 vocem
1538 791 1659 834 Aris-

129 850 349 948 {ophanes
378 849 572 894 Ἐκκλησ.
601 866 639 894 v.
667 851 733 894 14,
755 853 894 895 addit.
957 852 1064 907 [Sed
1083 853 1172 894 vid.
1195 865 1332 907 supra.
1363 853 1419 894 ad
1439 866 1482 892 V.
1514 848 1659 892 Πάθη.

168 921 335 950 cuAEF.

188 964 325 1007 Deest
339 909 476 1007 {tiam
496 968 618 1008 πότου
633 967 679 1008 in
699 970 889 1021 προϊόντος
907 969 1026 1023 apud
1045 966 1330 1009 Theocritum
1345 964 1470 1019 Idyll.
1485 967 1569 1006 xiv.
1592 963 1658 1005 18.

131 1021 319 1077 Supplet
339 1036 438 1064 eam
458 1037 610 1065 vocem
632 1023 920 1073 Scholiastes‚
942 1027 1019 1078 qui
1040 1026 1152 1067 adeo
1174 1024 1332 1064 melius
1353 1024 1478 1064 illum
1499 1023 1660 1069 locum,

131 1093 266 1133 quam
297 1081 533 1136 interpres,
571 1082 810 1123 secundum
848 1096 978 1137 quem
1011 1084 1149 1138 χρόνου
1181 1082 1391 1122 omissum
1420 1085 1504 1128 est,
1535 1080 1663 1121 intel-

125 1138 252 1179 lexit.
311 1136 436 1193 Saepe
455 1151 539 1180 vox
558 1141 679 1180 πότου
699 1140 892 1188 additur,
909 1155 947 1182 e.
970 1155 1011 1194 g.
1026 1140 1143 1195 apud
1162 1137 1189 1180 J
1194 1139 1409 1193 osephum
1427 1139 1534 1180 Ant.
1555 1135 1662 1178 Jud.

127 1196 251 1236 xviii.
295 1194 335 1236 6.
385 1199 658 1250 εὐωχουμένων
700 1196 740 1236 δ’
765 1201 908 1246 αὐτῶν,
930 1201 994 1240 καῖ
1026 1203 1093 1240 τοῦ
1127 1198 1247 1238 πότου
1284 1197 1487 1252 προϊόντος,
1559 1193 1661 1236 Vid-

131 1251 240 1295 Obs.
258 1251 448 1296 Miscell.
471 1255 558 1296 vol.
580 1269 620 1296 v.
638 1258 672 1296 t.
690 1256 756 1297 iii.
775 1269 817 1310 p.
837 1255 906 1298 62.
937 1255 1102 1299 LmsN.
1163 1254 1289 1307 cujus
1325 1255 1460 1295 etiam
1489 1253 1664 1309 praefat.

131 1311 297 1354 confer.
305 1309 315 1317 ”

748 1370 776 1398 ²³*
806 1368 1049 1412 HOTON.

187 1452 347 1496 Malim
366 1453 414 1495 in
433 1452 614 1508 Βακχίου
644 1455 880 1497 subaudire
900 1458 1041 1502 ποτοῦ,
1063 1453 1179 1507 quod
1211 1454 1358 1508 ipsum
1389 1454 1455 1493 est
1486 1450 1532 1491 τὸ
1562 1452 1662 1492 πινό-

131 1527 241 1560 μενον
276 1511 401 1567 ὑγρὸν,
436 1513 531 1561 vel.
554 1515 603 1553 ut
631 1512 951 1568 Aristophanes
979 1513 1126 1558 habet,
1161 1514 1293 1559 νᾶμαε
1327 1523 1426 1552 cum
1454 1512 1607 1551 contra
1646 1510 1664 1548 ὃ

132 1570 251 1610 πότος
272 1573 338 1610 est
359 1575 478 1611 actus
503 1568 690 1619 bibendi,
718 1572 785 1613 vel
804 1571 848 1612 το
871 1572 1090 1617 συμπόσιον,
1112 1573 1161 1610 ut
1182 1570 1383 1610 observat
1403 1566 1664 1608 Eustathius

133 1626 191 1668 ad
226 1625 351 1668 Iliad.
373 1627 429 1668 A.
461 1641 505 1682 p.
533 1627 626 1669 103.
669 1629 698 1670 l.
719 1627 788 1670 29.
849 1627 959 1669 Item
982 1629 1027 1668 in
1054 1624 1291 1674 ’Μελίτειον,
1352 1623 1438 1667 otio
1460 1638 1514 1666 σω
1543 1622 1666 1666 melle

133 1683 342 1742 confecta,
363 1684 561 1727 mulsum.
624 1684 888 1728 Plutarchus
907 1689 942 1727 t.
967 1686 1014 1727 ii.
1047 1698 1093 1738 p.
1114 1683 1213 1725 772.
1280 1640 1369 1724 Τξῖν
1392 1699 1433 1723 τε
1463 1682 1666 1737 βαρβάρων

131 1743 165 1782 οἷ
182 1742 242 1789 μὴ
263 1744 430 1783 πίνοντες
444 1741 549 1792 οἶνον,
581 1746 770 1791 μελίτειον
790 1746 965 1786 πίνουσιν.
1024 1741 1284 1784 Theocritus
1303 1739 1427 1794 Idyll.
1450 1752 1553 1780 xxv.
1573 1751 1661 1780 ver.

140 1798 461 1848 105.Πινέμ.εναι
481 1804 636 1856 λιαροῖο.
662 1815 696 1842 s.
730 1806 865 1844 ποτοῦ.
901 1813 1172 1855 quamquam
1207 1801 1291 1840 huc
1324 1799 1460 1840 etiam
1486 1809 1543 1838 ex
1578 1797 1664 1837 fine

136 1870 289 1899 versus
320 1857 365 1898 τὸ
395 1859 595 1907 «γάλακτος
623 1860 780 1901 referri
810 1861 962 1914 possit.
1024 1858 1156 1914 [Vide
1191 1870 1326 1912 supra
1359 1856 1416 1898 ad
1448 1868 1489 1896 v.
1529 1852 1664 1896 Γοίλα.

138 1914 346 1957 SanEF.
433 1915 507 1958 Sic
527 1914 747 1958 Homerus
767 1916 893 1959 Iliad.
916 1916 971 1958 A.
993 1930 1034 1958 v.
1053 1915 1154 1958 470.

140 2027 171 2070 S
359 1978 453 2029 οὖροι
468 1974 538 2020 μὲν
559 1978 751 2030 κρητῆρας
772 1975 1039 2022 ἐπεστέψαντο
1060 1976 1204 2015 ποτοῖο.

176 2043 356 2072 GHWEB.

723 2087 913 2137 ΠΟὙΣ,
945 2088 1076 2130 PES.

197 2176 256 2220 Et
274 2178 368 2220 haec
387 2191 472 2220 vox
493 2180 610 2220 inter
629 2179 729 2220 illas
764 2182 849 2226 est,
884 2191 995 2232 quas
1030 2177 1174 2220 Graeci
1213 2178 1258 2218 in
1288 2176 1450 2231 plurali
1482 2186 1664 2216 numero

136 2235 392 2289 frequenter
410 2237 623 2278 omittunt
655 2236 885 2290 eleg'antiae
914 2237 1075 2289 gratia,
1105 2237 1352 2291 praesertim
1374 2234 1419 2275 in
1448 2235 1478 2273 οἱ
1508 2232 1589 2280 δύο,
1619 2234 1666 2272 et

140 2295 189 2336 in
204 2295 426 2350 ἀμφότεροι.
486 2293 561 2336 Sic
580 2293 805 2336 Lucianus
835 2295 881 2335 in
901 2293 1037 2335 Asino
1051 2307 1096 2348 p.
1124 2293 1220 2334 111.
1250 2290 1346 2332 Ἐπὶ
1367 2290 1454 2331 τοὺς
1474 2290 1537 2330 δύο
1551 2290 1664 2330 ἐπαν-

139 2353 335 2400 ιστάμενον
358 2350 484 2407 ὀρθὸν,
515 2353 670 2407 supple
705 2353 846 2393 πόδαςε
887 2350 937 2393 in
963 2350 1069 2393 duos
1100 2350 1272 2405 (pedes)
1295 2354 1490 2390 ereetum.
1548 2344 1668 2388 Idem

138 2409 186 2450 in
207 2408 347 2450 Asino
365 2423 411 2463 p.
434 2408 505 2451 97.
533 2409 731 2458 Ἑδίωκον,
753 2412 978 2465 ἀμφοτέροις
997 2411 1047 2450 εἰς
1077 2410 1146 2457 ἐμὲ
1167 2407 1516 2462 ἁπολακτίζοντεςε
1550 2402 1666 2446 Inse-

168 2466 378 2509 uebantur
403 2481 484 2516 me,
507 2474 686 2523 utroque
712 2467 860 2524 (pede)
879 2465 1159 2509 calcitrantes.
1180 2466 1257 2507 ubi
1287 2463 1510 2506 subintell.
1542 2463 1664 2504 ποσίν.

181 2525 402 2567 heocritus
415 2524 540 2579 Idyll.
558 2539 602 2567 x.
623 2525 696 2567 35.

316 2581 467 2635 Σχοῖμι
487 2583 508 2623 δ
517 2586 528 2599 ’
546 2583 621 2633 ἐγὼ
638 2583 703 2624 καῖ
717 2583 846 2624 καινοὶς
862 2584 922 2624 ἐπ’
947 2584 1214 2638 ἀμφοτέροισιν·
1228 2581 1427 2629 ἀμύκλας.

143 2639 266 2708 1ἀγ11.
287 2641 373 2682 xiv.
397 2639 466 2681 66.

544 2699 604 2741 ἐπ’
623 2701 844 2754 ἀμφοτέρων
866 2698 903 2739 δὲ
923 2699 1114 2746 βεβακοῦς.

431 2763 722 2814 ——utroque
742 2770 839 2799 vero
859 2755 1039 2799 innixus
1059 2754 1222 2811 (pede).

141 2811 195 2855 In
216 2812 371 2856 Graeco
390 2828 519 2870 supp.
540 2814 663 2857 ποδῶν
674 2819 704 2857 ⁶.

226 2936 246 2959 ⁸
256 2938 464 2982 ngmaww,
477 2950 523 2972 sc.
541 2939 626 2974 πόδα.
639 2941 786 2975 Johann.
799 2940 850 2975 xi.
866 2942 899 2972 9.
925 2940 1105 2986 Suppletur
1119 2937 1243 2972 Matth.
1259 2937 1307 2971 iv.
1323 2938 1354 2969 6.
1368 2936 1582 2971 Scfloss'rTG.
