1838 3164
521 124 841 169 PLEONASMI
868 125 1291 169 ADVERBIORUM.
1603 123 1664 169 97

144 239 265 283 dum.
296 238 452 295 Finge,
473 239 586 282 εὐὲὺς
606 254 692 283 non
711 241 876 288 adesse,
898 243 1015 281 totus
1035 240 1157 282 locus
1182 241 1317 282 aliam
1336 240 1463 296 quasi
1492 240 1657 284 faciem

143 297 328 341 induet:
358 298 553 355 putabis,
575 311 702 343 mane
718 297 869 353 copias
903 298 1023 340 illam
1058 298 1258 339 eduxisse
1284 311 1437 340 versus
1471 297 1657 341 Corbio-

142 366 261 407 nem,
294 361 576 412 post-autem
609 355 727 398 aliud
762 355 922 409 egisse,
951 367 1051 399 cuin
1084 356 1268 398 diversis
1304 357 1433 399 rebus
1467 357 1652 411 agendis

144 416 296 469 partes
314 415 400 457 diei
420 414 664 469 descriptas
684 412 883 456 haberet.

825 527 982 570 ΗΔΗ.

200 610 396 655 Offendit
415 611 506 661 ἤδη,
537 612 662 667 quasi
701 623 1089 667 supervacaneum,
1123 611 1200 653 ubi
1233 611 1288 653 ad
1313 611 1652 657 confirmandam

140 682 234 712 rem
251 677 616 713 commemoratur
653 669 831 724 aliquod
866 670 1046 711 factum.
1109 667 1196 710 Sed
1228 682 1315 711 non
1351 675 1471 728 caret
1510 672 1652 727 gravi-

139 730 248 770 tate.
305 726 424 769 Nam
447 741 546 770 cum
568 730 612 770 in
633 729 736 769 aliis
755 727 918 780 linguis
937 731 1109 768 tantum
1143 732 1339 782 tempore
1370 727 1492 772 verbi
1513 730 1655 784 signi&-⁴

139 778 309 833 ficetur,
340 799 433 827 rem
454 791 556 828 ante
577 787 739 827 factam
760 798 872 832 esse,
898 785 943 825 in
974 785 1131 827 Graeca
1150 784 1279 827 simul
1300 783 1538 834 athbet‘ur
1560 782 1655 829 haec'

137 842 357 897 particula
374 843 429 884 ad
452 857 542 884 rem
563 857 642 884 suo
663 843 852 897 tempori
875 843 1016 896 magis
1040 842 1369 895 assignandam,
1398 843 1452 886 ut
1486 863 1539 891 eo
1566 840 1650 886 miss

138 911 222 941 nus
240 899 295 941 de
315 913 369 941 ea
388 901 628 943 dubitetur.
688 899 843 953 Itaque
869 901 952 941 etsi
983 899 1142 941 Latine
1164 904 1242 941 aut
1263 899 1530 951 Germanice
1550 903 1649 945 tali-

138 955 223 998 bus
249 956 296 998 in
324 957 431 999 locis
453 958 679 1000 commode
699 959 811 999 verti
846 971 934 999 non
963 962 1127 1012 potest,
1156 961 1306 1000 tamen
1340 965 1536 1007 ceterum
1562 974 1652 1003 non

137 1013 270 1056 debet
288 1015 472 1069 negligi,
503 1021 580 1057 aut
608 1020 809 1070 suspecta
841 1015 998 1063 videri,
1029 1015 1141 1056 sicut
1169 1012 1269 1056 visa=
1285 1021 1353 1058 est
1372 1015 1543 1064 Zeunio
1564 1017 1652 1062 Xe-

140 1073 274 1126 noph.
306 1070 408 1126 Cyri
433 1072 549 1115 Disc.
580 1074 612 1114 i.
654 1073 695 1124 6,
721 1071 792 1114 45.
823 1073 930 1125 quia
964 1086 1049 1114 non
1088 1072 1252 1124 legitur
1289 1075 1336 1115 in
1370 1078 1466 1120 cod.
1502 1071 1650 1122 Guelf.

141 1126 351 1172 Ceterum
389 1132 486 1172 loca
518 1131 610 1172 haec
643 1131 769 1172 dabo.
800 1128 922 1171 Iliad.
964 1130 1018 1171 A.
1065 1128 1165 1171 260.
1214 1130 1350 1186 Soph.
1400 1134 1471 1189 Aj.
1524 1129 1650 1178 1161.

138 1185 366 1242 Aristoph.
406 1187 523 1230 Nub.
547 1187 659 1231 345.
688 1186 800 1229 Xen.
833 1186 935 1242 Cyri
959 1186 1078 1228 Disc.
1103 1188 1192 1228 viii.
1216 1187 1259 1236 4,
1282 1187 1324 1231 9.
1358 1190 1495 1235 Mem.
1527 1196 1572 1236 ii.
1602 1192 1651 1243 2,

137 1243 180 1286 7.
211 1245 271 1286 ἰν.
303 1244 348 1293 2,
388 1244 459 1287 24.
489 1245 602 1288 Plat.
634 1245 777 1287 Alcib.
819 1245 846 1286 i.
877 1259 922 1301 p.
957 1245 1029 1287 35.
1061 1243 1185 1286 Max,
1217 1244 1320 1300 Tyr.
1357 1247 1557 1296 Dissert.'
1578 1264 1651 1293 xv.

136 1305 250 1344 extr.

194 1357 238 1400 2.
270 1355 480 1402 Abundat
512 1361 664 1402 eadem
697 1359 916 1415 particula
948 1360 1083 1401 etiam
1115 1360 1195 1408 ita,
1236 1364 1287 1402 ut
1320 1364 1531 1418 temporis
1559 1363 1657 1417 vim

134 1413 231 1458 fere
264 1429 438 1459 omnem
471 1419 665 1467 amittat,
697 1417 773 1458 sed
807 1429 969 1470 magna
1003 1430 1102 1459 cum
1136 1419 1355 1470 gravitate
1375 1422 1431 1462 ad
1451 1419 1653 1477 *aliquod

135 1473 320 1516 verbum
341 1479 419 1517 aut
440 1474 495 1516 ad
529 1475 796 1517 sententiam
827 1478 1011 1529 spectet,
1039 1475 1164 1528 cujus
1198 1480 1264 1517 est
1295 1478 1539 1522 maximum
1558 1494 1649 1523 mo-

135 1536 348 1574 mentum.
407 1531 520 1574 Tum
552 1534 689 1587 igitur
709 1532 890 1574 eandem
910 1532 1000 1573 fere
1020 1532 1128 1580 vim,
1159 1544 1293 1586 quam
1325 1533 1390 1583 δὴ,
1411 1536 1570 1587 habet,
1602 1541 1649 1580 et

133 1589 244 1630 verti
263 1593 412 1644 potest
434 1603 543 1631 vero.
606 1589 692 1631 Sed
708 1592 745 1631 si
776 1591 894 1643 justa
910 1594 956 1630 et
977 1590 1142 1643 scripta
1159 1590 1526 1645 interpretatione
1560 1609 1651 1639 non

132 1656 245 1700 opus
265 1650 348 1694 est,
372 1648 467 1701 ipso
488 1647 607 1688 vocis
628 1660 750 1694 sono,
771 1660 859 1700 quo
880 1646 988 1687 illud
1015 1647 1197 1687 verbum
1225 1650 1291 1689 vel
1326 1649 1449 1692 illam
1478 1642 1652 1695 senten-

133 1702 244 1745 tiam
263 1705 540 1758 pronunties,
572 1705 792 1756 grandiori
830 1716 986 1757 nempe
1027 1707 1072 1744 et
1091 1705 1287 1759 clariori,
1317 1717 1454 1761 prope
1491 1706 1651 1753 melius

131 1760 364 1817 exprimas.
425 1760 540 1803 Plat.
562 1760 804 1815 Euthyph1·.
835 1773 881 1815 p.
905 1759 946 1801 6.
979 1758 1184 1802 Socrates
1218 1774 1246 1802 a
1283 1759 1442 1806 Melito
1474 1759 1653 1810 accus&

130 1821 205 1861 tus
225 1819 354 1862 dicit:
386 1817 438 1860 Εἰ
456 1820 527 1868 μὲν
547 1817 623 1867 οὖν,
656 1820 674 1859 ὃ
693 1824 752 1860 νῦν
773 1817 821 1861 δὴ
840 1819 985 1866 ἔλεγον,
1014 1819 1191 1865 μέλλοιέν
1209 1836 1287 1867 μου
1313 1830 1537 1878 καταγελᾷν
1566 1823 1648 1878 (sc.

128 1876 165 1918 οἱ
189 1874 432 1931 Ἀθηναῖοι),
465 1909 476 1918 .
498 1907 507 1917 .
532 1908 543 1919 .
563 1876 664 1918 οῦδὲν
699 1875 742 1916 ἂν
763 1876 820 1918 εἴη
850 1874 962 1917 ἀηδὲς
995 1876 1208 1931 παίζοντας
1227 1875 1291 1917 καὶ
1319 1880 1517 1925 *γελῶντας
1535 1881 1572 1923 ἐν
1592 1888 1648 1925 τῶ

129 1931 359 1991 δικαστηρίῳ
377 1934 585 1984 διαγαγεῖν.
644 1932 694 1974 Εἴ
715 1933 754 1975 δὲ
774 1931 1060 1984 σπουδάσονται,
1084 1935 1190 1974 τοῦτ’
1212 1931 1284 1977 ἤδη
1315 1934 1390 1979 ὅπη
1407 1925 1647 1985 ἀποβήσετᾶι

130 1988 287 2034 ἄδηλον.
346 1990 452 2034 Jam
480 1992 532 2043 si,
556 1990 667 2049 quod
695 1990 820 2033 modo
850 1988 962 2038 dixi,
993 2003 1059 2031 me
1090 1988 1275 2040 derisuri
1293 1999 1427 2035 essent
1448 1992 1648 2048 (Atheni.

128 2051 283 2104 emes),
302 2062 406 2091 sane
423 2063 509 2092 non
526 2047 808 2106 injucundum
840 2052 957 2099 esset,
975 2047 1197 2103 foc-antem
1221 2055 1262 2090 et
1278 2047 1486 2093 ridentem
1504 2051 1553 2094 in
1567 2054 1647 2109 ju-

130 2104 247 2148 dicio
266 2106 440 2149 versari.
501 2105 587 2149 Sed
604 2105 646 2148 si
670 2119 809 2148 severe
825 2109 974 2162 agent,
1005 2110 1094 2146 tum
1113 2118 1227 2153 vero,
1247 2118 1445 2162 qum-sum
1463 2122 1530 2151 res
1547 2124 1645 2153 eva-

126 2175 228 2206 sura
245 2163 320 2214 sit,
342 2164 548 2207 incertum
575 2170 647 2206 est.
708 2162 803 2205 Nos
822 2164 888 2204 ita
908 2163 1155 2217 possimus:
1188 2161 1255 2204 0!
1285 2163 1416 2215 darm,
1437 2164 1555 2219 dama
1587 2167 1647 2211 ist

129 2219 206 2263 der
238 2221 452 2279 Ausgang
498 2221 741 2278 verborgen.
799 2219 919 2262 Idem
953 2221 1000 2262 in
1043 2218 1257 2262 Phaedone
1316 2234 1364 2275 p.
1421 2222 1512 2265 199.
1560 2226 1648 2267 τότ’

125 2277 201 2324 ἤδη
229 2281 300 2324 τὴν
320 2284 425 2334 φύσιν
446 2283 517 2324 τῆς
531 2278 725 2321 ἀσθενείας
741 2277 999 2319 ἐπιδεικνύοιτο
1030 2281 1142 2321 σῶμα
1174 2277 1244 2331 (ac
1263 2279 1412 2334 potius
1429 2280 1642 2324 ἐπιδεικνύοι

127 2336 175 2377 τὸ
209 2338 268 2392 a.)
289 2336 440 2381 Germ.
477 2337 592 2379 dmm
623 2335 768 2379 warde
796 2341 877 2376 erst
914 2333 987 2375 der
1024 2332 1190 2390 Kb'rper
1226 2334 1340 2377 recht
1358 2336 1526 2393 zeigen,
1555 2352 1645 2382 was

129 2393 575 2438 Schwaclzheitkeisst.
639 2393 795 2435 Monui
821 2394 917 2446 jam
948 2392 1002 2433 ad
1024 2389 1226 2447 Xenoph.
1258 2391 1395 2436 Mem.
1416 2396 1465 2436 ii.
1495 2396 1534 2444 1,
1570 2397 1639 2439 14.

128 2452 204 2494 Sic
223 2457 270 2494 et
287 2452 384 2494 Lat.
406 2453 574 2507 passim
599 2451 700 2507 jam
717 2466 745 2499 ;·
761 2455 812 2492 ut
834 2449 926 2492 Cic.
949 2449 1006 2490 ad
1027 2447 1130 2491 Div.
1167 2462 1210 2492 x.
1237 2449 1310 2492 32.
1334 2449 1414 2494 illa
1435 2465 1532 2496 vero
1541 2454 1641 2512 jam

129 2510 269 2564 (ἐκεῖνα
289 2510 324 2552 δ’
343 2508 436 2565 ἤδη)
456 2523 511 2552 ne
531 2507 708 2552 Coesarz‘s
728 2507 899 2565 quidem
919 2505 1116 2563 exemplo.
1169 2550 1172 2552 ,

762 2603 884 2646 HTT
887 2603 996 2646 ΟΝ.

184 2690 284 2736 Hoc
316 2694 507 2748 παρέλκειν
537 2691 792 2744 adjungitur
820 2689 1143 2743 comparativis
1178 2687 1291 2730 Plat.
1324 2691 1407 2732 vol:
1443 2691 1502 2735 ix.
1522 2706 1567 2749 p.
1592 2694 1636 2738 5.

124 2750 150 2797 ἦ
169 2754 349 2800 βελτίονα
368 2753 393 2796 ἢ
414 2749 703 2805 μοχθηρότερον
741 2748 872 2791 ἦττον.
903 2746 1082 2787 Aristot.
1120 2745 1218 2787 Eth.
1241 2747 1414 2790 Nicom.
1437 2752 1496 2792 vi.
1519 2751 1560 2793 5.
1599 2756 1635 2794 ἐν

125 2808 196 2856 μὲν
217 2812 342 2864 τέχνῃ
375 2810 392 2847 ὅ
422 2810 513 2850 ἑκὼν
535 2808 761 2861 ἁμαρτάνων
782 2806 1036 2859 αἱρετώτερος·
1066 2804 1155 2858 περὶ
1176 2803 1214 2844 δὲ
1234 2806 1401 2861 φρόνησιν
1420 2807 1536 2852 ἦττον
1555 2809 1636 2864 (sc.

125 2867 400 2920 αἱρετώτερος.)
459 2864 524 2906 De
547 2866 588 2906 vi
611 2869 655 2904 et
678 2877 755 2905 usu
779 2861 1146 2904 accommodanda
1162 2860 1246 2904 huc
1267 2866 1385 2916 sunt,
1400 2877 1498 2918 quae
1520 2867 1637 2910 infra

122 2922 266 2982 dicam
284 2924 337 2965 de
362 2919 652 2965 MAAAON.
1331 2976 1359 3005 *ᾖ

274 2989 277 2991 ’
1391 2991 1420 3020 ι
