1838 3164
632 117 923 160 PRAEFATIO
950 116 1226 160 LEISNERI·
1604 117 1685 161 xvii

177 236 370 282 Homero
402 239 536 282 infert
564 239 679 282 idem
710 241 784 282 ille
814 238 1080 283 scholiastes
1111 249 1352 292 anonymus
1376 237 1433 281 ad
1464 236 1591 281 Iliad.
1615 238 1678 282 Δ.

173 309 262 340 ver.
280 296 391 340 503.·
1605 318 1608 321 ·

344 355 465 400 -ι-ὃν
484 354 524 397 δὲ
537 357 669 398 σκότος
685 355 968 406 ’ὅσθ’έκάλυψε.
1023 382 1027 386 ν

320 411 474 456 ..Πλαηι
492 420 634 456 autem
655 414 830 457 tenebrae
848 414 989 457 oculos
1005 419 1320 471 cooperuerunt.

178 469 444 517 scholiastes
461 484 472 511 :
505 472 753 520 σολοικισμὸς,
774 473 934 526 inquit,
952 473 1060 529 παρὰ
1080 474 1151 514 ταὶς
1169 473 1346 513 πτώσεις.
1367 469 1438 511 ’ἔδει
1457 469 1532 525 γὰρ
1548 469 1680 519 εἶπεῖν,

159 531 258 579 ,πῒς
275 526 315 573 δὲ
332 525 461 574 σκότος
480 528 557 570 ’ὄπ’
577 530 767 579 ἐκάλυψε.
798 534 935 572 τούτου
955 530 995 572 δὲ
1014 528 1102 572 τοὺς
1120 526 1347 584 ὀφθαλμοὺς
1366 527 1413 569 τὸ
1440 528 1572 569 σκότος
1592 529 1681 569 ἐκά-

161 585 313 634 ζλνψεν.
373 585 471 634 Qua
508 588 611 629 crisi
647 587 758 629 nihil
793 588 967 636 falsius,
1003 588 1115 631 nihil
1147 587 1342 643 iniquius
1375 586 1480 639 fingi
1516 589 1680 640 potest.

175 639 333 687 Utitur
352 645 483 688 ,enim
520 644 738 687 Homerus
767 646 950 687 solemni
981 647 1058 688 illa
1089 650 1134 688 et
1170 646 1360 686 maxime
1384 644 1441 685 ab
1476 643 1681 687 omnibus

158 698 267 745 ‚fere
282 703 568 757 scriptoribus
587 704 866 757 frequentata
896 704 1058 757 ellipsi,
1089 709 1223 757 atque
1249 705 1315 744 ita
1333 701 1560 743 commode
1577 714 1680 756 sup-

157 758 361 811 ·plenda:
393 760 456 801 τὸν
473 760 512 802 δὲ
533 762 665 803 σκότος
688 762 864 810 ἐκάλυψε
897 762 1000 802 κατὰ
1029 761 1084 802 τὼ
1113 760 1213 802 zm.
1273 758 1386 801 Eum
1404 764 1548 801 autem
1568 764 1680 800 tene-

172 812 268 866 broe,
299 823 505 873 quantum
536 818 594 860 ad
626 818 781 867 oculos,
814 825 1128 875 cooperuerunt.
1189 817 1315 867 Quod
1349 830 1451 859 vero
1486 814 1682 858 Homero

171 874 335 922 evenit,
356 878 407 917 ut
424 889 511 918 non
540 877 647 918 satis
678 878 762 918 sibi
796 879 962 919 cavisse
980 890 1008 918 a
1027 877 1273 918 soloecismo
1293 875 1526 924 diceretur,
1561 874 1679 916 idem

161 929 355 986 <impune
386 934 612 976 ferendum
643 933 885 988 Thucydidi
920 938 964 976 et
996 934 1231 989 Apollonio
1264 932 1439 974 Rhodio
1459 933 1559 983 erit,
1590 932 1678 973 nisi

170 986 440 1034 Scholiastas
460 1005 611 1034 eorum
630 992 841 1045 ejusdem,
871 1006 959 1046 quo
982 996 1163 1040 ceteros,
1193 991 1457 1033 temeritatis
1476 989 1680 1032 condem-

157 1057 340 1089 ⁴nemus.
400 1048 672 1103 Thucydides
693 1051 767 1091 lib.
789 1050 837 1091 ii.
857 1064 892 1092 c.
915 1050 986 1092 57.
1019 1051 1170 1098 Ξυνέβη
1197 1049 1236 1091 δὲ
1269 1052 1347 1090 τοῖς
1368 1045 1497 1103 Kpmi
1516 1046 1579 1087 τὸν
1602 1045 1680 1088 Γέ-

171 1102 416 1149 ῂν-ῗΡοδίοις
434 1105 731 1156 ξυγκτίσαντας,
749 1107 809 1156 μὴ
831 1106 896 1156 ξὺν
912 1111 989 1148 τοῖς
1005 1109 1189 1154 ἀποίκοις,
1203 1109 1293 1148 ἀλλ’
1315 1105 1377 1148 ἐπὶ
1396 1104 1485 1146 τοὺς
1502 1105 1682 1150 ἀποίκους

158 1157 334 1224 ἄκοντας
351 1164 456 1210 μετὰ
474 1163 616 1211 μισθοῦ
636 1162 774 1205 ἐλθεῖν.
831 1163 1017 1215 Accidit,
1037 1170 1087 1215 ut
1107 1163 1335 1211 Cretenses,
1366 1161 1551 1219 quicum
1567 1160 1681 1203 Rho-

166 1214 263 1263 *dn's
281 1217 431 1265 Gelam
449 1221 742 1268 condiderant,
773 1235 858 1263 non
877 1236 904 1263 a
921 1221 1011 1263 suis
1039 1220 1198 1263 colonis
1223 1225 1401 1268 starent,
1429 1218 1506 1260 sed
1536 1224 1682 1260 contra

155 1286 267 1320 *euos
284 1275 450 1318 colonos
472 1283 625 1334 praeter
643 1291 783 1319 eorum
802 1277 1046 1334 opinionem
1063 1277 1250 1319 mercede
1270 1277 1415 1319 allecti
1430 1275 1679 1318 militarent.

158 1330 435 1378 scholiastes
467 1336 522 1376 ad
559 1335 673 1376 hunc
706 1336 850 1379 locum
886 1335 930 1375 τὸ
949 1334 1231 1385 ξυγκτίσαντας
1248 1347 1327 1388 pro
1346 1333 1549 1384 ξυγκτίσαι
1570 1333 1678 1387 poni

157 1389 275 1440 vult,
293 1395 338 1435 et
356 1405 493 1445 quum
512 1393 787 1446 Thucydides
806 1393 884 1434 lib.
907 1394 963 1435 iv.
983 1408 1018 1435 c.
1038 1392 1081 1434 2.
1096 1397 1142 1434 et
1156 1392 1236 1434 lib.
1257 1393 1316 1433 iv.
1332 1393 1371 1434 cl
1386 1391 1456 1433 30.
1474 1391 1678 1432 similiter

165 1459 315 1490 casum
334 1451 557 1505 participii
578 1452 624 1492 in
647 1451 784 1492 alium
798 1451 855 1492 ab
873 1464 939 1499 eo,
956 1451 1033 1503 qui
1048 1453 1349 1504 praecesserat,
1370 1451 1527 1499 mutat,
1541 1447 1677 1489 Scho-

156 1505 316 1551 liastes
335 1508 381 1551 id
404 1509 494 1550 lieri
525 1512 655 1564 putat
681 1522 760 1564 per
779 1510 1010 1562 enallagen
1029 1520 1228 1556 casuum,
1265 1507 1340 1548 sed
1361 1507 1407 1548 in
1427 1505 1563 1560 priori
1581 1506 1677 1547 loco

163 1564 328 1607 rectius
346 1568 553 1621 suppleas
572 1568 819 1608 ἐλλειπτικῶς
838 1567 1047 1608 omissum
1064 1567 1361 1608 accusativum
1378 1560 1534 1611 ain-0215,
1564 1567 1608 1604 et
1629 1564 1677 1606 in

161 1624 481 1673 posterioribus
501 1625 586 1667 ista
604 1625 805 1677 enallage
836 1625 967 1666 facile
993 1624 1256 1672 carebimus,
1285 1624 1363 1664 ubi
1397 1622 1574 1675 ellipsin
1595 1621 1675 1662 ali-

161 1683 286 1735 quus
317 1683 556 1724 accusativi
588 1684 779 1724 orationi
813 1682 1113 1726 convenientis
1147 1681 1390 1723 admiseris.
1446 1678 1674 1733 Apollonii

70 1748 77 1751 ’
152 1736 324 1782 μΙίὶιοάἰί
345 1740 417 1782 hic
435 1741 554 1782 locus
574 1741 688 1782 esti.
719 1739 819 1782 440.

279 1816 283 1820 ·
326 1798 450 1846 ‘Tu-fv
468 1798 538 1847 μὲν
558 1797 606 1841 δὴ
623 1800 738 1853 μοῖρα
758 1796 855 1839 θεῶν
873 1798 991 1854 χρειώ
1010 1814 1052 1839 τε
1072 1799 1234 1852 περῆσαι

329 1854 461 1896 ἐνθάδε
482 1861 584 1898 κῶας
602 1857 781 1910 ἔχοντας.

158 1909 382 1968 Interpres
403 1912 602 1962 Graecus,
633 1914 897 1967 oportuisse,
917 1913 1077 1967 inquit,
1108 1909 1241 1966 ’έχουσι
1270 1924 1353 1967 pro
1371 1911 1536 1965 ἔχοντας
1550 1910 1670 1965 poni.

162 1967 249 2011 Sed
268 1971 386 2025 quod
418 1972 534 2025 apud
564 1970 803 2012 Homerum
838 1969 962 2012 Iliad.
984 1971 1039 2012 A.
1059 1983 1145 2012 ver.
1169 1969 1267 2012 541.
1286 1974 1332 2012 et
1351 1969 1469 2024 apud
1501 1968 1673 2021 Thucy-

159 2027 303 2070 didem
330 2029 492 2083 saepius
509 2027 760 2070 faciendum
791 2033 872 2079 est,
898 2032 950 2070 ut
976 2041 1218 2084 pronomen
1247 2027 1444 2070 secundae
1474 2038 1674 2081 personae

161 2085 428 2139 suppleatur,
456 2088 572 2128 idem
594 2088 729 2128 etiam
763 2087 835 2128 fac
867 2086 950 2127 hoc
983 2087 1094 2136 loco,
1125 2089 1171 2127 et
1201 2087 1357 2140 supple
1388 2088 1490 2126 ante
1507 2086 1672 2139 περῆσαι

153 2140 314 2183 itidem
333 2156 571 2198 pronomen
599 2144 796 2186 secundae
813 2157 1028 2199 personae,
1059 2144 1133 2186 sed
1152 2144 1199 2185 in
1222 2157 1406 2185 numero
1425 2142 1671 2183 multitudi-

154 2198 227 2240 nis
247 2201 366 2248 ὑμᾶς,
386 2203 430 2242 et
447 2203 532 2243 ista
553 2203 807 2256 interpretis
822 2202 981 2244 veteris
999 2203 1100 2244 crisi
1120 2202 1252 2243 facile
1266 2200 1584 2256 supersedebis.

99 2302 108 2310 ,
153 2296 156 2300 ,
213 2255 317 2299 Jam
335 2259 452 2311 quod
470 2260 526 2300 ad
546 2258 788 2300 ἀνακόλουθα
808 2261 983 2308 attinet,
1018 2262 1103 2302 etsi
1135 2272 1188 2300 ea
1217 2273 1305 2301 non
1321 2263 1511 2306 tantam,
1530 2270 1668 2310 quan-

151 2316 250 2356 tam
280 2317 531 2366 soloecismi,
566 2318 783 2359 maculam
803 2318 994 2358 orationi
1011 2319 1223 2366 inferunt,
1255 2330 1334 2358 nec
1346 2320 1521 2358 tantum
1539 2315 1668 2357 dede-

157 2383 235 2414 cus
264 2375 501 2416 conciliant
534 2375 832 2429 scriptoribus,
861 2388 1033 2429 usuque
1059 2377 1155 2430 ipso
1174 2375 1484 2421 defenduntur,
1505 2375 1550 2415 et
1566 2385 1669 2414 auc-

157 2430 339 2472 toritate
357 2436 402 2473 et
421 2433 630 2487 exemplis
651 2433 1024 2474 nobilissimorum
1055 2435 1319 2487 scriptorum
1339 2432 1449 2473 satis
1465 2432 1669 2483 frequen·

156 2487 278 2528 tibus
297 2490 666 2544 comprobantur3
696 2491 786 2531 imo
820 2492 903 2532 etsi
925 2503 1084 2545 genera
1115 2492 1316 2546 quaedam
1347 2487 1611 2531 ἀνακολούθων
1639 2501 1669 2529 a

155 2542 383 2587 Demetrio
403 2545 614 2589 Phalereo
637 2552 918 2603 μεγαλοπρεπῆ
945 2553 1174 2597 vocantur,
1204 2548 1552 2599 sublimitatique
1571 2558 1668 2587 ora-

153 2603 291 2645 tionis
325 2605 544 2646 interdum
576 2607 810 2647 convenire
830 2606 1036 2648 dicuntur
1067 2620 1096 2648 a
1126 2607 1305 2648 Clarkio
1338 2606 1394 2646 ad
1422 2603 1665 2645 Homerum

152 2657 280 2701 Iliad.
303 2659 354 2702 B.
375 2674 464 2702 ver.
484 2662 580 2704 (381.
602 2664 792 2715 aliisque
818 2667 864 2705 et
891 2665 1111 2707 veteribus
1129 2669 1175 2707 et
1192 2663 1512 2706 recentioribus
1532 2663 1666 2703 inter-

152 2718 379 2770 pretibus;
409 2725 640 2763 occurrunt
661 2725 809 2762 tamen
831 2724 903 2765 τῆς
921 2721 1196 2764 ἀνακολουθίας
1222 2722 1438 2775 exempla,
1470 2733 1566 2772 quae
1586 2720 1664 2760 im-

150 2777 310 2818 merito
328 2778 438 2818 talia
454 2778 592 2821 videri
612 2783 814 2833 possunt,
845 2779 922 2820 ubi
956 2781 1012 2821 ab
1041 2781 1185 2834 ellipsi
1218 2780 1404 2832 alicujus
1437 2777 1557 2819 verbi
1588 2776 1662 2816 ad-

151 2833 368 2876 mittenda
387 2847 475 2876 non
494 2836 737 2878 abhorreas.
759 2878 764 2883 ,
801 2835 863 2877 Ut
896 2850 1040 2879 meam
1065 2839 1327 2879 sententiam
1361 2836 1561 2889 exemplo
1580 2833 1662 2875 ali-

147 2902 236 2943 quo
256 2893 501 2998 fizxfficem,
532 2907 766 2953 provocare
802 2895 924 2941 lubet
954 2895 1010 2939 ad
1043 2896 1188 2942 locum
1223 2895 1404 2938 Homeri
1442 2892 1569 2935 Iliad.
1606 2889 1657 2938 B,

145 2957 247 2995 Viuo}
279 2992 283 2996 .
342 2979 354 2991 ·
424 2972 431 2973 ’
627 2969 633 2978 ²
824 2980 828 2981 ⁷
