1838 3164
609 574 1202 675 PRAEFATIO

378 712 883 774 EDITIONIS
956 705 1361 805 TERT1AE5

772 832 1026 882 LECTORI

837 947 880 987 S.
906 946 958 986 D.

560 1052 622 1101 C.
659 1044 1242 1099 SCHOETTGENIUS.

160 1325 392 1389 ANNUS
422 1339 513 1382 fere
545 1342 628 1391 est,
654 1350 790 1392 quum
821 1333 1069 1394 Bibliopola
1102 1335 1232 1392 hujus
1260 1336 1398 1380 libelli
1418 1335 1656 1379 editionem

161 1412 208 1441 se
226 1410 457 1453 procurare
488 1396 597 1439 velle
626 1397 812 1451 aperuit,
838 1400 883 1439 et
914 1396 951 1438 si
982 1395 1089 1449 quid
1107 1397 1163 1438 ad
1181 1409 1280 1438 eam
1305 1395 1658 1452 locupletandam

161 1456 279 1511 apud
305 1468 373 1497 me
402 1458 528 1504 esset,
553 1454 599 1495 id
623 1466 767 1495 secum
799 1454 1183 1504 communicarem,
1212 1453 1401 1508 rogavit.
1459 1451 1561 1496 Non
1580 1466 1662 1495 no-

163 1525 327 1562 veram,
356 1513 557 1566 quisnam
576 1512 706 1564 hujus
736 1511 802 1554 rei
834 1511 969 1554 fuerit
1002 1515 1170 1561 auctor,
1199 1512 1330 1555 facile
1361 1513 1510 1554 autem
1528 1523 1656 1565 repu-

163 1575 258 1614 tare
276 1572 416 1626 potui,
445 1571 574 1612 istam
591 1575 684 1611 tam
703 1569 901 1624 praeclari
930 1570 1127 1623 opusculi
1148 1572 1194 1612 in
1223 1569 1354 1611 terris
1380 1567 1667 1611 nostrisedi-

164 1630 331 1672 tionem
363 1642 448 1671 non
481 1640 604 1683 posse
642 1640 732 1670 non
768 1641 867 1669 cum
905 1626 1110 1678 studiosae
1148 1628 1395 1682 juventutis
1430 1626 1660 1669 commodo

165 1700 259 1729 esse
304 1686 712 1741 conjunct-issimam.
789 1682 1010 1738 Conquiro
1057 1698 1161 1739 ergo
1207 1685 1399 1737 undique
1448 1697 1504 1727 ex
1551 1683 1685 1725 meis

167 1743 353 1793 scriniis,
401 1757 496 1797 quae
532 1743 616 1798 ipsi
660 1743 860 1796 augendo
887 1743 1203 1793 conducebant,
1248 1745 1420 1795 aliquos
1447 1747 1662 1797 praeterea

167 1803 303 1844 bonos
324 1804 553 1857 scriptores
573 1801 692 1842 horis
719 1801 941 1844 succisivis
959 1803 1229 1855 pervolvens.
1285 1798 1342 1842 Et
1355 1813 1411 1842 ex
1430 1800 1503 1843 his
1519 1799 1665 1853 operis

169 1862 284 1902 natae
316 1864 417 1901 sunt
448 1860 543 1901 istae
571 1859 914 1907 observationes,
943 1871 1052 1913 quas
1082 1859 1184 1907 huic
1208 1871 1336 1901 novae
1355 1857 1546 1899 editioni
1559 1857 1660 1898 sub·-

165 1919 303 1971 jectas
318 1917 449 1958 vides.
505 1916 675 1959 Interea
707 1931 824 1970 vero,
853 1917 959 1959 dum
996 1929 1070 1958 eas
1101 1929 1309 1970 congero,
1348 1915 1517 1970 placuit
1550 1914 1659 1955 ami-

92 1995 96 1999 »
169 1986 317 2016 corum
339 1987 468 2016 suasu
494 1975 550 2016 ad
569 1973 909 2017 Celeberrimum
943 1975 1074 2028 hujus
1107 1974 1211 2021 libri
1222 1973 1463 2016 ⁴Auctorem
1489 1972 1662 2013 litteras

171 2045 362 2081 exarare,
390 2045 444 2074 ne
464 2033 560 2087 ipso
579 2033 706 2087 plane
726 2034 874 2075 nescio
893 2034 1150 2087 opusculum
1185 2032 1266 2074 hoc
1297 2030 1416 2086 apud
1433 2041 1514 2075 nos
1531 2040 1681 2071 exon-¹

171 2090 352 2132 deretur.
410 2089 654 2143 Antequam
673 2104 775 2132 vero
796 2091 852 2132 ab
881 2091 977 2146 ipso
997 2091 1238 2144 quidquam
1272 2088 1470 2143 responsi
1486 2087 1660 2134 ferrem,

173 2161 226 2189 en
246 2160 358 2189 nova
388 2148 524 2189 libelli
545 2148 599 2189 ad
619 2161 695 2190 nos
715 2148 911 2190 adfertur
940 2148 1093 2196 editio,
1124 2148 1180 2189 ab
1209 2148 1307 2202 ipso
1327 2146 1519 2187 Auctore
1562 2157 1662 2199 pro-

171 2208 338 2247 curata,
397 2202 523 2246 Hanc
551 2207 683 2247 etiam
715 2207 954 2248 subsecutae
992 2210 1096 2247 sunt
1129 2205 1248 2247 illius
1278 2205 1453 2251 litterae,
1482 2215 1578 2255 quae
1617 2202 1662 2242 id

170 2265 339 2304 testatae
359 2265 476 2310 sunt,
506 2276 590 2304 non
627 2264 859 2304 admodum
887 2267 1063 2317 gratum
1096 2264 1191 2305 fore
1227 2267 1321 2305 tum
1342 2260 1537 2309 Auctori,
1567 2262 1688 2300 tum*

171 2317 504 2373 Franequerano
533 2321 796 2375 bibliopolae,
826 2322 863 2362 si
898 2334 1009 2363 nova
1029 2321 1180 2370 editio,
1211 2323 1256 2362 et
1275 2333 1373 2373 quae
1391 2319 1563 2374 prelum
1591 2329 1666 2358 ex-

174 2389 314 2418 ercere
343 2379 419 2418 vix
437 2377 638 2427 desierat,
669 2380 782 2432 apud
812 2392 890 2420 nos
910 2379 1206 2422 recuderetur.
1259 2376 1353 2419 Nec
1372 2380 1523 2418 tamen
1551 2377 1662 2423 erat,

173 2434 288 2485 quod
319 2447 395 2475 nos
427 2446 454 2475 a
483 2439 628 2476 nostro
657 2437 877 2490 proposito
909 2436 1148 2490 quidquam
1167 2436 1405 2477 absterrere
1433 2433 1663 2488 potuisset.

175 2490 341 2533 Notum
360 2492 492 2539 enim,
522 2493 712 2546 priorem
745 2494 873 2547 hujus
904 2495 1041 2536 libelli
1070 2494 1303 2536 editionem
1338 2494 1384 2534 in
1404 2492 1471 2532 his
1503 2489 1666 2532 nostris

173 2550 261 2590 oris
280 2552 372 2590 tam
391 2549 526 2590 fuisse
545 2562 704 2598 raram,
733 2555 784 2592 ut
813 2552 1090 2606 paucissimis
1116 2565 1214 2594 eam
1246 2551 1312 2592 vel
1331 2549 1480 2592 videre
1511 2548 1666 2590 saltem

174 2607 419 2659 contigerit.
478 2604 622 2653 Quum
654 2620 752 2648 vero
783 2621 806 2649 e
836 2622 881 2650 re
902 2610 1107 2652 studiosae
1137 2609 1381 2663 juventutis
1400 2607 1553 2660 utique
1587 2604 1664 2651 sit,

175 2663 284 2704 tales
317 2664 403 2717 ipsi
435 2663 569 2705 libros
601 2666 648 2705 in
678 2677 831 2706 manus
850 2667 962 2715 dari,
993 2680 1080 2708 non
1118 2668 1232 2708 male
1260 2666 1314 2707 de
1342 2666 1440 2719 ipsa
1473 2665 1666 2705 meretur

174 2720 429 2774 bibliopola,
459 2722 574 2774 apud
593 2733 721 2773 quem
744 2735 864 2774 aequo
894 2726 1000 2766 satis
1034 2725 1174 2779 pretio
1202 2724 1420 2765 sufficiens
1446 2719 1669 2774 exempla-

173 2778 289 2819 rium
320 2779 447 2832 copia
478 2779 637 2832 poterit
669 2779 867 2821 inveniri.
935 2780 1197 2824 Exhibemus
1233 2795 1333 2834 ergo
1365 2779 1481 2831 Tibi,
1511 2776 1670 2820 Lector

173 2835 394 2886 benevole,
422 2835 704 2889 posteriorem
734 2837 863 2890 hujus
899 2839 999 2880 libri
1029 2839 1282 2887 editionem,
1315 2839 1396 2880 hoc
1428 2838 1525 2891 ipso
1551 2847 1670 2876 anno

173 2892 472 2947 prodeuntem,
507 2895 665 2934 nostris
698 2895 1068 2951 qualibuscunque
1098 2896 1397 2939 additionibus
1414 2894 1670 2937 auctiorem.

174 2949 270 2994 Has
306 2962 394 2994 non
420 2949 505 3006 ipsi
530 2949 733 2995 AuctorIs
770 2952 906 2995 labori
940 2954 1199 2998 interserere
1229 2955 1456 3006 voluimuS,
1485 2965 1540 2997 ne
1566 2949 1681 3005 quid
