1838 3164
581 140 896 184 PLEONASMI
923 140 1243 182 VERBORUM.
1608 135 1664 178 69

160 253 256 308 prie
284 267 454 298 sensum
481 269 573 298 esse
601 260 727 311 ληρεῖς
754 254 858 295 κατὰ
887 250 958 303 ἕξιν
987 254 1078 295 sive
1106 257 1249 308 ληρεῖς,
1286 252 1388 307 ’ἔχων
1417 253 1536 294 οὕτως
1561 251 1657 294 scil.

118 329 123 331 ·
160 315 306 365 ληρῶνε
339 312 514 362 deliras,
531 319 578 361 et:
594 312 762 369 quidem
795 323 880 353 non
912 323 998 352 uno
1018 309 1132 353 dicto
1151 309 1321 357 insano,
1350 307 1598 351 sedfiabitu
1615 314 1658 350 et

158 366 270 426 vitio
300 370 469 412 mentis.
512 367 644 412 'Nam
662 370 764 423 ’ἔχειν
782 369 836 409 de
868 366 1061 409 naturali
1069 380 1074 382 ⁴
1090 367 1275 424 corporis
1306 365 1454 408 habitu
1485 366 1658 420 proprie

158 430 409 480 usurpatur,
436 428 551 469 unde
569 431 614 468 et
633 425 704 476 ἕξις
730 427 848 467 dicta
873 429 954 466 est.
1012 423 1255 479 Participia
1286 437 1389 465 vero
1419 423 1654 465 usitatissi-

158 495 228 524 me
256 489 477 538 ponuntur
508 485 553 526 in
581 485 665 524 fine
699 484 914 525 dictorum
945 486 1101 536 arguta
1127 495 1225 523 cum
1254 482 1484 529 brevitate,
1510 484 1555 522 et
1588 481 1655 521 sic

158 541 331 596 ἐπίκρισιν
360 541 524 583 addunt
553 543 781 582 seutentiae
810 541 1060 595 praemissae.
1102 539 1205 581 Vid.
1249 543 1376 580 ποιεῖν.
1450 536 1655 590 Denique

155 597 361 646 brevitas,
390 610 475 651 qua
494 599 669 640 verbum
688 611 744 639 ex
762 603 902 639 antec.
930 597 1260 651 intelligendum
1278 601 1363 643 est,
1393 593 1560 638 Graecis
1581 595 1652 636 vel

155 655 345 696 maxime
373 655 549 710 placuit.
621 655 728 697 Eam
757 655 968 710 exemplis
1003 654 1263 708 quibusdam
1299 654 1429 696 liceat
1470 653 1647 694 demon-

154 714 307 753 strare.
337 711 447 753 Plat.
469 713 552 754 vol.
575 714 604 754 i.
634 727 679 768 p.
706 712 798 754 103.
827 711 876 752 El
896 711 971 766 *γὰρ
991 710 1148 765 ὤφελον,
1179 711 1208 753 ὦ
1231 709 1327 766 Κρ.,
1356 708 1425 750 οἶοί
1443 726 1485 750 τε
1507 707 1597 751 εἶναι
1615 711 1648 751 οἱ

152 767 294 810 ’πολλοὶ
319 769 371 810 τὰ
398 772 565 819 μέγιστα
595 770 697 811 κακὰ
727 766 1011 825 ἐξεργάζεσθαι,
1038 769 1097 809 ἵνα
1125 769 1193 810 οἶοί
1221 786 1263 810 τε
1294 767 1388 812 ἦσαν
1416 766 1481 808 καὶ
1510 765 1649 816 ἀγαθὲ

151 824 205 867 τὰ
223 828 404 876 μέγιστα·
427 827 491 868 καὶ
520 831 649 868 καλῶς
668 825 766 880 εἶχε.
823 824 912 868 Νῦν
941 825 980 866 δὲ
1008 825 1181 881 οὓδέτερα
1209 826 1277 867 οἶοί
1304 842 1362 866 τε.
1418 823 1554 866 Vides
1574 823 1649 864 hic

149 882 221 924 bis
240 883 587 926 subaudiendum
618 898 713 926 esse
745 881 1026 939 ἐξεργάζεσθαι.
1057 883 1239 925 Aristot.
1270 881 1369 924 Eth.
1401 881 1574 924 Nicom.
1596 881 1648 923 ii.

149 940 189 982 5.
212 940 302 982 Ὁῧδὲ
320 942 486 990 ψέγεται
516 944 534 981 ὃ
563 944 698 983 ἅπλῶς
726 941 956 996 ὀργιζόμενος
984 943 1074 981 ἀλλ’
1105 942 1244 988 ὅωῶς,
1276 941 1357 993 (sc.
1381 936 1651 996 ὀργιζόμεὺᾳς.)

150 997 269 1046 Alia,
293 1011 391 1052 quae
412 999 550 1040 habeo
570 1002 739 1046 notata,
770 1011 931 1053 ponere
964 1010 1052 1039 non
1081 1002 1146 1040 est
1175 1010 1315 1052 operae
1346 997 1566 1051 pretium;
1592 990 1650 1048 vtit

150 1054 264 1097 Plat.
299 1057 385 1097 vol.
405 1069 446 1097 v,
482 1070 526 1111 p.
550 1055 617 1097 54.
648 1060 693 1097 et
727 1068 773 1096 x.
806 1069 850 1110 p.
871 1054 967 1096 252.
999 1059 1044 1096 et
1073 1056 1200 1110 plura
1227 1068 1252 1095 e
1270 1052 1567 1095 Deniosthene
1591 1057 1649 1095 vel:

147 1113 248 1155 aliis
266 1114 516 1169 suppeditat
535 1112 728 1156 Dorville
754 1113 810 1154 ad
830 1112 998 1154 Charit.
1019 1113 1083 1154 iii.
1104 1113 1147 1154 3.
1180 1111 1267 1153 Sed
1293 1111 1359 1153 vis
1393 1111 1484 1161 illa,
1512 1122 1649 1164 quam

149 1171 286 1212 statui
307 1176 374 1214 τοῦ
392 1172 510 1224 ἔχων,
541 1184 629 1212 non
658 1174 723 1212 est
749 1171 879 1212 nimis
912 1170 1134 1223 urgenda:
1164 1174 1340 1211 tantum
1369 1174 1400 1194 “
1422 1169 1648 1210 continua-

148 1233 179 1253 “
198 1228 364 1270 tionem
408 1228 645 1282 quandam,
684 1228 1053 1282 perseverantiam
1087 1240 1138 1269 ac
1180 1239 1347 1268 moram
1383 1225 1559 1276 infert,”
1585 1227 1649 1281 *ut

147 1289 269 1327 recto
297 1299 426 1327 sensu
457 1284 619 1327 Graecae
647 1285 850 1327 dictionis
893 1289 1041 1326 monet
1062 1284 1284 1337 Stollberg
1318 1283 1374 1325 ad
1419 1282 1648 1338 Sophoclis

148 1341 329 1396 Ajacem
363 1357 403 1384 v.
435 1341 504 1383 22.
535 1341 721 1383 Utinam
752 1343 824 1383 ille
852 1342 1022 1394 aliquid
1060 1342 1313 1396 protulisset
1340 1340 1396 1381 ad
1430 1341 1649 1382 rationem

145 1400 404 1455 pleonasmi‚
433 1412 567 1454 quam
591 1400 638 1440 in
665 1400 812 1441 animo
839 1399 1084 1441 involutam
1112 1398 1316 1440 habuisse
1344 1397 1534 1444 videtur,
1572 1409 1647 1438 ex-

144 1457 406 1512 plicandam.

203 1514 247 1557 3.
278 1514 383 1556 Post
401 1515 532 1555 διδόναι
550 1517 595 1556 et
614 1515 778 1557 similia
797 1514 1041 1557 infinitivus
1059 1515 1162 1568 ’ἐχειν
1177 1512 1391 1562 abundat,
1407 1513 1521 1554 sicut
1540 1508 1647 1560 εἶναι,

148 1575 199 1614 ut
217 1573 299 1613 sub
321 1571 402 1614 hoc
421 1573 520 1627 ipso
539 1572 671 1613 verbo
689 1573 973 1614 ostendimus.

204 1628 248 1671 4.
279 1628 365 1671 Pro
382 1634 441 1671 νῦν
457 1629 642 1683 pleniori
663 1630 848 1682 quadam
868 1630 1026 1678 forma,
1057 1628 1133 1670 sed
1162 1640 1263 1670 cum
1295 1626 1455 1683 ellipsi,
1486 1626 1650 1669 dicitur

150 1686 195 1727 τὸ
213 1690 272 1729 νῦν
290 1690 336 1728 et
355 1687 406 1727 τά
427 1691 509 1728 νῦνε
542 1687 604 1727 sic
623 1686 858 1740 aliquando
877 1687 1009 1728 etiam
1031 1686 1076 1726 τὸ
1105 1690 1164 1726 νῦν
1191 1686 1308 1738 ’ἔχοντ
1339 1685 1388 1726 in
1406 1697 1495 1738 quo
1579 1684 1582 1691 '
1617 1684 1628 1694 ⁶

148 1745 314 1799 cipium
343 1743 563 1785 nonnullis
581 1744 723 1784 visum
753 1747 820 1785 est
849 1744 1084 1784 abundare.
1114 1741 1214 1783 Vid.
1247 1739 1446 1795 Hoogev.
1467 1741 1526 1782 ad
1544 1739 1650 1796 vig.

150 1815 247 1856 cap.
269 1803 298 1844 i.
330 1815 420 1855 reg.
441 1800 478 1842 6.
501 1804 546 1841 et
572 1800 790 1854 Sylburgii
811 1801 943 1842 index
962 1800 1018 1842 ad
1038 1799 1217 1854 Dionys.
1241 1796 1343 1840 Hal.
1365 1802 1473 1840 tom.
1496 1798 1545 1839 ii.
1566 1799 1650 1840 sub

150 1859 257 1913 ἕχον.
317 1857 403 1900 Sed
430 1860 608 1913 plenum
634 1862 749 1899 esset
767 1858 871 1903 κατὰ
890 1857 934 1898 τὸ
969 1863 1027 1900 νῦν
1057 1858 1149 1911 ἕχον
1174 1854 1270 1898 εἶδος
1298 1860 1366 1898 τοῦ
1388 1857 1651 1911 Ἴ-ιεῐρα”γμν.αι·ι’·ὀς,

151 1921 229 1958 aut
263 1920 337 1957 τῶν
375 1917 636 1971 πραγμάτων,
664 1915 892 1957 secundum
920 1921 1164 1971 praesentem
1194 1926 1335 1955 rerum
1366 1912 1653 1969 conditionem

152 1986 228 2014 seu
260 1973 463 2024 breviter,
498 1979 547 2014 ut
578 1986 691 2014 ‘nunc
720 1972 858 2014 habet.
918 1971 998 2014 Vis
1017 1985 1122 2024 ergo
1141 1976 1208 2014 τοῦ
1225 1972 1317 2024 ἕχον
1343 1975 1410 2013 est
1436 1971 1586 2020 oertae
1607 1974 1653 2014 et

151 2031 248 2072 loco
266 2044 344 2072 suo
361 2044 449 2072 non
466 2031 639 2085 exigua,
661 2035 712 2073 ut
727 2031 774 2071 in
794 2031 905 2072 libro
924 2029 1072 2072 Tobiae
1091 2029 1169 2071 vii.
1197 2028 1263 2071 ll.
1389 2026 1395 2030 '

790 2121 1012 2164 HKEIN.

210 2196 357 2252 Hujus
375 2199 494 2239 verbi
527 2200 648 2240 notio
676 2212 792 2253 saepe
826 2199 936 2240 nihil
967 2199 1176 2240 momenti
1206 2197 1340 2240 habet
1370 2197 1427 2239 ad
1455 2209 1651 2247 sensum,

150 2269 281 2311 quem
299 2269 370 2298 res
387 2257 528 2310 poscit
546 2271 555 2296 :
577 2261 710 2310 atque
731 2258 795 2298 ita
815 2260 932 2298 recte
950 2257 995 2297 in
1009 2258 1239 2311 ωαρέλκουσι
1256 2258 1526 2297 numeratur.
1548 2255 1650 2298 Vid.

152 2313 474 2356 Praemonitum.
532 2313 621 2355 Hic
642 2315 856 2368 defungor
874 2314 1100 2367 exemplis.
1160 2313 1368 2368 Sophocl.
1394 2311 1465 2367 Aj.
1489 2311 1590 2355 800.
1611 2326 1649 2356 s.

152 2369 270 2413 To‘iJ'S’
289 2372 452 2412 εἰσάκουε
472 2371 636 2426 τάνδρὸς,
670 2374 719 2413 ὧς
736 2371 815 2415 ἥκει
835 2374 950 2427 φέρων
968 2370 1131 2412 Αἴαντος
1148 2372 1240 2418 ἦμῒν
1258 2368 1411 2426 πρᾶξιν,
1445 2370 1490 2415 ἢν
1508 2369 1650 2420 ἤλπις’

153 2429 241 2476 ἐγώ.
300 2427 415 2469 Satis
434 2434 530 2470 erat
548 2431 597 2469 ὦς
614 2431 710 2483 φέρει
729 2430 796 2470 vel
816 2428 962 2476 ἤνεγκε.
1012 2427 1184 2469 Gallim.
1207 2425 1306 2469 Cer.
1332 2425 1426 2470 123.
1445 2440 1482 2475 s,
1499 2431 1651 2484 vigam

151 2484 248 2535 ἦξεῖ.
306 2483 505 2539 Xenoph.
528 2484 645 2527 Hist.
666 2485 745 2527 Gr.
769 2487 795 2527 i.
816 2486 860 2534 5,
880 2486 921 2527 3.
954 2487 1055 2538 ’έχων
1081 2485 1119 2526 δὲ
1140 2486 1238 2530 ἥκειν
1264 2485 1442 2527 τάλαντα
1457 2487 1646 2527 πεντακό-

154 2559 229 2583 σια.
284 2541 468 2596 Josephi
502 2542 714 2584 Archaeol.
744 2557 815 2584 xv.
845 2543 888 2584 4.
922 2543 1035 2585 αὐτὸν
1067 2543 1301 2586 ἀνεκτήσατο
1335 2546 1414 2585 τοῖς
1446 2541 1588 2599 δῶροις,
1619 2543 1646 2587 ἃ

153 2603 267 2655 φέρων
286 2601 372 2644 ἧκεν
391 2602 431 2640 ἐκ
454 2604 526 2641 τῶν
539 2599 828 2656 Ἱεροσολύμων.

572 2688 809 2731 ΘΕΛΕΙΝ
828 2691 917 2732 vid.
937 2687 1225 2739 ΕΘΕΛΕΙΝ.

801 2762 992 2806 ΙΕΝΑΙ.

211 2835 249 2877 1.
295 2835 391 2878 Hoc
422 2837 598 2877 verbum
630 2836 709 2883 ita,
738 2840 790 2878 ut
821 2835 1005 2892 ’ἔρχεσθαι
1046 2836 1109 2890 (S.
1146 2837 1207 2894 1.)
1245 2840 1542 2880 constructum
1572 2851 1647 2893 exf-

154 2896 279 2935 terna
296 2894 582 2935 similitudine
602 2895 667 2935 illi
688 2894 932 2949 respondet,
955 2895 1031 2936 sed
1048 2896 1192 2947 quoad
1218 2899 1417 2950 tempora
1447 2896 1571 2940 finita
1597 2897 1644 2939 in

151 2952 413 3004 pleonasmis
433 2952 678 3002 nonhabet
703 2953 863 3005 locum,
893 2953 978 2996 nisi
1011 2954 1147 2996 sicubi
1177 2966 1388 3013 praesenS,
1415 2953 1531 3007 quod
1551 2953 1646 3001 fere
