<?xml version="1.0" encoding="UTF-8"?>
<!DOCTYPE html PUBLIC "-//W3C//DTD XHTML 1.0 Transitional//EN"
    "http://www.w3.org/TR/xhtml1/DTD/xhtml1-transitional.dtd">
<html xmlns="http://www.w3.org/1999/xhtml" xml:lang="en" lang="en">
 <head>
  <title>
</title>
<meta http-equiv="Content-Type" content="text/html;charset=utf-8" />
  <meta name='ocr-system' content='tesseract 3.04.00' />
  <meta name='ocr-capabilities' content='ocr_page ocr_carea ocr_par ocr_line ocrx_word'/>
</head>
<body>
  <div class='ocr_page' id='page_1' title='image "./ellipsesgraecaec00bosluoft_0270.png"; bbox 0 0 1838 3164; ppageno 0'>
   <div class='ocr_carea' id='block_1_1' title="bbox 171 109 1155 159">
    <p class='ocr_par' dir='ltr' id='par_1_1' title="bbox 171 109 1155 159">
     <span class='ocr_line' id='line_1_1' title="bbox 171 109 1155 159; baseline 0.003 -6"><span class='ocrx_word' id='word_1_1' title='bbox 171 109 257 156; x_wconf 78' lang='lat'><strong>224</strong></span> <span class='ocrx_word' id='word_1_2' title='bbox 709 125 902 159; x_wconf 76' lang='lat' dir='ltr'><strong>ELL11&gt;sls</strong></span> <span class='ocrx_word' id='word_1_3' title='bbox 923 124 1155 158; x_wconf 78' lang='grc' dir='ltr'><strong>ΝοΜιΝυΜ.</strong></span> 
     </span>
    </p>
   </div>
   <div class='ocr_carea' id='block_1_2' title="bbox 166 222 1682 498">
    <p class='ocr_par' dir='ltr' id='par_1_2' title="bbox 166 222 1682 498">
     <span class='ocr_line' id='line_1_2' title="bbox 173 222 1674 281; baseline 0.003 -16"><span class='ocrx_word' id='word_1_4' title='bbox 173 222 276 265; x_wconf 89' lang='lat' dir='ltr'><strong>Non</strong></span> <span class='ocrx_word' id='word_1_5' title='bbox 307 226 539 268; x_wconf 84' lang='lat' dir='ltr'><strong>assentior.</strong></span> <span class='ocrx_word' id='word_1_6' title='bbox 614 225 833 269; x_wconf 84' lang='lat' dir='ltr'><strong>Potuisset</strong></span> <span class='ocrx_word' id='word_1_7' title='bbox 864 227 1211 280; x_wconf 83' lang='lat' dir='ltr'><strong>Schoettgenius‚</strong></span> <span class='ocrx_word' id='word_1_8' title='bbox 1253 230 1304 268; x_wconf 86' lang='lat' dir='ltr'><strong>ut</strong></span> <span class='ocrx_word' id='word_1_9' title='bbox 1337 238 1573 281; x_wconf 81' lang='lat' dir='ltr'><strong>pronomen</strong></span> <span class='ocrx_word' id='word_1_10' title='bbox 1607 239 1674 269; x_wconf 88' lang='lat' dir='ltr'><strong>re-</strong></span> 
     </span>
     <span class='ocr_line' id='line_1_3' title="bbox 172 283 1674 341; baseline 0.003 -19"><span class='ocrx_word' id='word_1_11' title='bbox 172 283 356 323; x_wconf 82' lang='lat' dir='ltr'><strong>lativum</strong></span> <span class='ocrx_word' id='word_1_12' title='bbox 375 285 506 326; x_wconf 85' lang='lat' dir='ltr'><strong>etiam</strong></span> <span class='ocrx_word' id='word_1_13' title='bbox 538 285 655 336; x_wconf 84' lang='lat' dir='ltr'><strong>apud</strong></span> <span class='ocrx_word' id='word_1_14' title='bbox 685 284 771 326; x_wconf 75' lang='grc' dir='ltr'><strong><em>τοὺς</em></strong></span> <span class='ocrx_word' id='word_1_15' title='bbox 801 283 965 340; x_wconf 63' lang='grc' dir='ltr'><strong>θύραθεν</strong></span> <span class='ocrx_word' id='word_1_16' title='bbox 985 285 1147 339; x_wconf 83' lang='lat' dir='ltr'><strong>passim</strong></span> <span class='ocrx_word' id='word_1_17' title='bbox 1176 286 1324 325; x_wconf 85' lang='lat' dir='ltr'><strong>deesse</strong></span> <span class='ocrx_word' id='word_1_18' title='bbox 1358 285 1545 331; x_wconf 89' lang='lat' dir='ltr'><strong>doceret,</strong></span> <span class='ocrx_word' id='word_1_19' title='bbox 1564 286 1674 341; x_wconf 73' lang='lat' dir='ltr'><strong>vtali·</strong></span> 
     </span>
     <span class='ocr_line' id='line_1_4' title="bbox 172 340 1671 396; baseline 0.003 -17"><span class='ocrx_word' id='word_1_20' title='bbox 172 340 256 380; x_wconf 88' lang='lat' dir='ltr'><strong>bus</strong></span> <span class='ocrx_word' id='word_1_21' title='bbox 276 340 341 381; x_wconf 80' lang='lat' dir='ltr'><strong>uti</strong></span> <span class='ocrx_word' id='word_1_22' title='bbox 362 342 588 395; x_wconf 82' lang='lat' dir='ltr'><strong>exemplis,</strong></span> <span class='ocrx_word' id='word_1_23' title='bbox 607 343 754 394; x_wconf 83' lang='lat' dir='ltr'><strong>qualia</strong></span> <span class='ocrx_word' id='word_1_24' title='bbox 774 342 967 395; x_wconf 84' lang='lat' dir='ltr'><strong>congessi</strong></span> <span class='ocrx_word' id='word_1_25' title='bbox 989 342 1045 382; x_wconf 84' lang='lat' dir='ltr'><strong>ad</strong></span> <span class='ocrx_word' id='word_1_26' title='bbox 1064 340 1202 396; x_wconf 87' lang='lat' dir='ltr'><strong>Longi</strong></span> <span class='ocrx_word' id='word_1_27' title='bbox 1223 341 1393 383; x_wconf 75' lang='lat' dir='ltr'><strong>Pastor.</strong></span> <span class='ocrx_word' id='word_1_28' title='bbox 1426 354 1470 395; x_wconf 85' lang='lat' dir='ltr'><strong>p.</strong></span> <span class='ocrx_word' id='word_1_29' title='bbox 1492 340 1591 383; x_wconf 85' lang='lat'><strong>397.</strong></span> <span class='ocrx_word' id='word_1_30' title='bbox 1614 355 1671 383; x_wconf 88' lang='lat' dir='ltr'><strong>ss.</strong></span> 
     </span>
     <span class='ocr_line' id='line_1_5' title="bbox 171 395 1682 453; baseline 0.003 -16"><span class='ocrx_word' id='word_1_31' title='bbox 171 395 259 438; x_wconf 89' lang='lat' dir='ltr'><strong>Sed</strong></span> <span class='ocrx_word' id='word_1_32' title='bbox 289 400 449 440; x_wconf 90' lang='lat' dir='ltr'><strong>rectius</strong></span> <span class='ocrx_word' id='word_1_33' title='bbox 481 400 532 440; x_wconf 89' lang='lat' dir='ltr'><strong>iis</strong></span> <span class='ocrx_word' id='word_1_34' title='bbox 559 404 677 442; x_wconf 83' lang='lat' dir='ltr'><strong>caret</strong></span> <span class='ocrx_word' id='word_1_35' title='bbox 706 400 817 442; x_wconf 90' lang='lat' dir='ltr'><strong>liber</strong></span> <span class='ocrx_word' id='word_1_36' title='bbox 848 398 1078 447; x_wconf 83' lang='lat' dir='ltr'><strong>Bosianus‚</strong></span> <span class='ocrx_word' id='word_1_37' title='bbox 1109 412 1207 442; x_wconf 91' lang='lat' dir='ltr'><strong>cum</strong></span> <span class='ocrx_word' id='word_1_38' title='bbox 1238 401 1327 442; x_wconf 85' lang='lat' dir='ltr'><strong>sint</strong></span> <span class='ocrx_word' id='word_1_39' title='bbox 1346 412 1370 441; x_wconf 88' lang='lat' dir='ltr'><strong>e</strong></span> <span class='ocrx_word' id='word_1_40' title='bbox 1389 411 1548 452; x_wconf 85' lang='lat' dir='ltr'><strong>genere</strong></span> <span class='ocrx_word' id='word_1_41' title='bbox 1579 412 1682 453; x_wconf 28' lang='lat' dir='ltr'><strong>syn-1</strong></span> 
     </span>
     <span class='ocr_line' id='line_1_6' title="bbox 166 455 567 498; baseline 0.007 -3"><span class='ocrx_word' id='word_1_42' title='bbox 166 456 339 498; x_wconf 75' lang='lat' dir='ltr'><strong>tactico.</strong></span> <span class='ocrx_word' id='word_1_43' title='bbox 368 455 567 498; x_wconf 79' lang='lat' dir='ltr'><strong>SCHAEF.</strong></span> 
     </span>
    </p>
   </div>
   <div class='ocr_carea' id='block_1_3' title="bbox 713 528 1122 579">
    <p class='ocr_par' dir='ltr' id='par_1_3' title="bbox 713 528 1122 579">
     <span class='ocr_line' id='line_1_7' title="bbox 713 528 1122 579; baseline 0.002 -8"><span class='ocrx_word' id='word_1_44' title='bbox 713 529 913 579; x_wconf 88' lang='grc' dir='ltr'><strong>ΟΣΜΗ,</strong></span> <span class='ocrx_word' id='word_1_45' title='bbox 946 528 1122 572; x_wconf 86' lang='lat' dir='ltr'><strong>ODOR.</strong></span> 
     </span>
    </p>
   </div>
   <div class='ocr_carea' id='block_1_4' title="bbox 161 600 1674 1172">
    <p class='ocr_par' dir='ltr' id='par_1_4' title="bbox 161 600 1674 1172">
     <span class='ocr_line' id='line_1_8' title="bbox 226 600 1672 658; baseline 0 -15"><span class='ocrx_word' id='word_1_46' title='bbox 226 600 352 649; x_wconf 83' lang='lat' dir='ltr'><strong>Quod</strong></span> <span class='ocrx_word' id='word_1_47' title='bbox 372 603 589 644; x_wconf 82' lang='lat' dir='ltr'><strong>communi</strong></span> <span class='ocrx_word' id='word_1_48' title='bbox 622 606 666 644; x_wconf 88' lang='lat' dir='ltr'><strong>et</strong></span> <span class='ocrx_word' id='word_1_49' title='bbox 686 605 816 657; x_wconf 86' lang='lat' dir='ltr'><strong>plena</strong></span> <span class='ocrx_word' id='word_1_50' title='bbox 850 603 1047 645; x_wconf 87' lang='lat' dir='ltr'><strong>oratione</strong></span> <span class='ocrx_word' id='word_1_51' title='bbox 1072 603 1253 645; x_wconf 86' lang='lat' dir='ltr'><strong>dicitur:</strong></span> <span class='ocrx_word' id='word_1_52' title='bbox 1282 601 1422 652; x_wconf 72' lang='grc' dir='ltr'>Ὀσμή</span> <span class='ocrx_word' id='word_1_53' title='bbox 1441 620 1534 644; x_wconf 74' lang='grc' dir='ltr'><strong><em>τινος</em></strong></span> <span class='ocrx_word' id='word_1_54' title='bbox 1548 603 1672 658; x_wconf 70' lang='grc' dir='ltr'>πράγ-</span> 
     </span>
     <span class='ocr_line' id='line_1_9' title="bbox 167 658 1674 716; baseline 0.003 -18"><span class='ocrx_word' id='word_1_55' title='bbox 167 659 293 706; x_wconf 75' lang='grc' dir='ltr'><strong><em>ματός</em></strong></span> <span class='ocrx_word' id='word_1_56' title='bbox 320 677 371 707; x_wconf 76' lang='grc' dir='ltr'><strong>με</strong></span> <span class='ocrx_word' id='word_1_57' title='bbox 405 662 663 715; x_wconf 73' lang='grc' dir='ltr'><strong>προσέβαλενε</strong></span> <span class='ocrx_word' id='word_1_58' title='bbox 698 659 802 702; x_wconf 82' lang='lat' dir='ltr'><strong>odor</strong></span> <span class='ocrx_word' id='word_1_59' title='bbox 831 659 1017 716; x_wconf 74' lang='lat' dir='ltr'><strong>alicujus</strong></span> <span class='ocrx_word' id='word_1_60' title='bbox 1046 659 1111 701; x_wconf 82' lang='lat' dir='ltr'><strong>rei</strong></span> <span class='ocrx_word' id='word_1_61' title='bbox 1144 672 1209 701; x_wconf 85' lang='lat' dir='ltr'><strong>me</strong></span> <span class='ocrx_word' id='word_1_62' title='bbox 1232 658 1403 715; x_wconf 79' lang='lat' dir='ltr'><strong>tetigit.-</strong></span> <span class='ocrx_word' id='word_1_63' title='bbox 1434 661 1479 701; x_wconf 88' lang='lat' dir='ltr'><strong>id</strong></span> <span class='ocrx_word' id='word_1_64' title='bbox 1507 661 1563 702; x_wconf 86' lang='lat' dir='ltr'><strong>ab</strong></span> <span class='ocrx_word' id='word_1_65' title='bbox 1594 659 1674 702; x_wconf 87' lang='lat' dir='ltr'><strong>At-</strong></span> 
     </span>
     <span class='ocr_line' id='line_1_10' title="bbox 166 716 1671 773; baseline 0.001 -17"><span class='ocrx_word' id='word_1_66' title='bbox 166 716 267 757; x_wconf 86' lang='lat' dir='ltr'><strong>ticis</strong></span> <span class='ocrx_word' id='word_1_67' title='bbox 285 717 488 758; x_wconf 84' lang='lat' dir='ltr'><strong>effertur:</strong></span> <span class='ocrx_word' id='word_1_68' title='bbox 521 719 616 759; x_wconf 80' lang='grc' dir='ltr'><strong><em>τινός</em></strong></span> <span class='ocrx_word' id='word_1_69' title='bbox 641 736 691 766; x_wconf 84' lang='grc' dir='ltr'><strong>με</strong></span> <span class='ocrx_word' id='word_1_70' title='bbox 719 720 944 773; x_wconf 75' lang='grc' dir='ltr'>προσέβαλε,</span> <span class='ocrx_word' id='word_1_71' title='bbox 974 731 1052 772; x_wconf 91' lang='lat' dir='ltr'><strong>per</strong></span> <span class='ocrx_word' id='word_1_72' title='bbox 1081 718 1252 771; x_wconf 88' lang='lat' dir='ltr'><strong>ellipsin</strong></span> <span class='ocrx_word' id='word_1_73' title='bbox 1273 719 1392 759; x_wconf 84' lang='lat' dir='ltr'><strong>vocis</strong></span> <span class='ocrx_word' id='word_1_74' title='bbox 1413 718 1527 765; x_wconf 74' lang='grc' dir='ltr'><strong>ὀσμή.</strong></span> <span class='ocrx_word' id='word_1_75' title='bbox 1589 716 1671 758; x_wconf 90' lang='lat' dir='ltr'><strong>Co-</strong></span> 
     </span>
     <span class='ocr_line' id='line_1_11' title="bbox 168 773 1672 830; baseline 0.001 -17"><span class='ocrx_word' id='word_1_76' title='bbox 168 774 306 814; x_wconf 84' lang='lat' dir='ltr'><strong>micus</strong></span> <span class='ocrx_word' id='word_1_77' title='bbox 327 776 372 815; x_wconf 79' lang='lat' dir='ltr'><strong>in</strong></span> <span class='ocrx_word' id='word_1_78' title='bbox 395 774 505 816; x_wconf 82' lang='lat' dir='ltr'><strong>Pace</strong></span> <span class='ocrx_word' id='word_1_79' title='bbox 526 789 566 816; x_wconf 87' lang='lat' dir='ltr'><strong>V.</strong></span> <span class='ocrx_word' id='word_1_80' title='bbox 593 774 684 815; x_wconf 77' lang='lat'><strong>179.</strong></span> <span class='ocrx_word' id='word_1_81' title='bbox 707 789 751 830; x_wconf 91' lang='lat' dir='ltr'><strong>p.</strong></span> <span class='ocrx_word' id='word_1_82' title='bbox 775 773 868 816; x_wconf 79' lang='grc'><strong>635.</strong></span> <span class='ocrx_word' id='word_1_83' title='bbox 891 773 1022 816; x_wconf 60' lang='grc' dir='ltr'><strong><em>Πόθεν</em></strong></span> <span class='ocrx_word' id='word_1_84' title='bbox 1044 779 1180 830; x_wconf 76' lang='grc' dir='ltr'>βροτοῦ</span> <span class='ocrx_word' id='word_1_85' title='bbox 1207 793 1256 823; x_wconf 85' lang='grc' dir='ltr'><strong>με</strong></span> <span class='ocrx_word' id='word_1_86' title='bbox 1282 777 1500 830; x_wconf 71' lang='grc' dir='ltr'>προσέβαλ’,</span> <span class='ocrx_word' id='word_1_87' title='bbox 1534 773 1562 815; x_wconf 65' lang='grc' dir='ltr'><strong><em>ὦ</em></strong></span> <span class='ocrx_word' id='word_1_88' title='bbox 1579 773 1672 824; x_wconf 83' lang='grc' dir='ltr'><strong>”ναξ</strong></span> 
     </span>
     <span class='ocr_line' id='line_1_12' title="bbox 161 829 1672 885; baseline 0.002 -15"><span class='ocrx_word' id='word_1_89' title='bbox 161 829 400 885; x_wconf 49' lang='grc' dir='ltr'><strong>Ἡράκλεια</strong></span> <span class='ocrx_word' id='word_1_90' title='bbox 432 832 546 874; x_wconf 79' lang='lat' dir='ltr'><strong>unde</strong></span> <span class='ocrx_word' id='word_1_91' title='bbox 577 831 763 874; x_wconf 76' lang='lat' dir='ltr'><strong>hominis</strong></span> <span class='ocrx_word' id='word_1_92' title='bbox 791 831 899 874; x_wconf 69' lang='lat' dir='ltr'><strong>mim·</strong></span> <span class='ocrx_word' id='word_1_93' title='bbox 928 832 1085 874; x_wconf 78' lang='lat' dir='ltr'><strong>accidit</strong></span> <span class='ocrx_word' id='word_1_94' title='bbox 1115 830 1234 879; x_wconf 72' lang='lat' dir='ltr'><strong>odor,</strong></span> <span class='ocrx_word' id='word_1_95' title='bbox 1267 830 1304 873; x_wconf 88' lang='lat' dir='ltr'><em>O</em></span> <span class='ocrx_word' id='word_1_96' title='bbox 1336 847 1411 874; x_wconf 51' lang='grc' dir='ltr'><strong>γεω</strong></span> <span class='ocrx_word' id='word_1_97' title='bbox 1429 831 1672 874; x_wconf 78' lang='lat' dir='ltr'><strong>Hercules?</strong></span> 
     </span>
     <span class='ocr_line' id='line_1_13' title="bbox 170 885 1670 943; baseline 0.002 -16"><span class='ocrx_word' id='word_1_98' title='bbox 170 885 248 943; x_wconf 85' lang='lat' dir='ltr'><strong>[ad</strong></span> <span class='ocrx_word' id='word_1_99' title='bbox 269 901 312 941; x_wconf 91' lang='lat' dir='ltr'><strong>q.</strong></span> <span class='ocrx_word' id='word_1_100' title='bbox 331 890 361 930; x_wconf 91' lang='lat' dir='ltr'><strong>l.</strong></span> <span class='ocrx_word' id='word_1_101' title='bbox 385 890 650 931; x_wconf 86' lang='lat' dir='ltr'><strong>Brunckius:</strong></span> <span class='ocrx_word' id='word_1_102' title='bbox 688 896 718 915; x_wconf 87' lang='lat'><strong>“</strong></span> <span class='ocrx_word' id='word_1_103' title='bbox 743 890 1008 931; x_wconf 84' lang='lat' dir='ltr'><strong>Sabauditur</strong></span> <span class='ocrx_word' id='word_1_104' title='bbox 1028 889 1146 937; x_wconf 67' lang='grc' dir='ltr'>ὀσμὴ,</span> <span class='ocrx_word' id='word_1_105' title='bbox 1167 891 1234 930; x_wconf 92' lang='lat' dir='ltr'><strong>vel</strong></span> <span class='ocrx_word' id='word_1_106' title='bbox 1265 890 1412 942; x_wconf 75' lang='grc' dir='ltr'><strong>φωνή.”</strong></span> <span class='ocrx_word' id='word_1_107' title='bbox 1469 889 1542 930; x_wconf 90' lang='lat' dir='ltr'><strong>Sic</strong></span> <span class='ocrx_word' id='word_1_108' title='bbox 1563 888 1670 930; x_wconf 89' lang='lat' dir='ltr'><strong>Gre-</strong></span> 
     </span>
     <span class='ocr_line' id='line_1_14' title="bbox 165 945 1666 1000; baseline 0 -14"><span class='ocrx_word' id='word_1_109' title='bbox 165 946 315 998; x_wconf 82' lang='lat' dir='ltr'><strong>gorius</strong></span> <span class='ocrx_word' id='word_1_110' title='bbox 356 945 554 988; x_wconf 81' lang='lat' dir='ltr'><strong>Corinth.</strong></span> <span class='ocrx_word' id='word_1_111' title='bbox 605 947 719 988; x_wconf 88' lang='lat' dir='ltr'><strong>hunc</strong></span> <span class='ocrx_word' id='word_1_112' title='bbox 763 949 907 1000; x_wconf 85' lang='lat' dir='ltr'><strong>ipsum</strong></span> <span class='ocrx_word' id='word_1_113' title='bbox 953 947 1262 1000; x_wconf 81' lang='lat' dir='ltr'><strong>Aristophanis</strong></span> <span class='ocrx_word' id='word_1_114' title='bbox 1313 948 1452 988; x_wconf 90' lang='lat' dir='ltr'><strong>locum</strong></span> <span class='ocrx_word' id='word_1_115' title='bbox 1499 948 1666 988; x_wconf 85' lang='lat' dir='ltr'><strong>citans:</strong></span> 
     </span>
     <span class='ocr_line' id='line_1_15' title="bbox 164 1003 1672 1058; baseline 0.002 -15"><span class='ocrx_word' id='word_1_116' title='bbox 164 1004 464 1057; x_wconf 69' lang='grc' dir='ltr'><strong>λείπει-φωνὴ,</strong></span> <span class='ocrx_word' id='word_1_117' title='bbox 496 1003 520 1048; x_wconf 72' lang='grc' dir='ltr'>ἢ</span> <span class='ocrx_word' id='word_1_118' title='bbox 543 1005 659 1052; x_wconf 76' lang='grc' dir='ltr'><strong>ὀσμή.</strong></span> <span class='ocrx_word' id='word_1_119' title='bbox 693 1018 735 1058; x_wconf 88' lang='lat' dir='ltr'><strong>p.</strong></span> <span class='ocrx_word' id='word_1_120' title='bbox 765 1004 828 1044; x_wconf 87' lang='lat'><strong>15.</strong></span> <span class='ocrx_word' id='word_1_121' title='bbox 853 1004 928 1044; x_wconf 92' lang='lat' dir='ltr'><strong>ubi</strong></span> <span class='ocrx_word' id='word_1_122' title='bbox 950 1003 1131 1044; x_wconf 86' lang='lat' dir='ltr'><strong>Koenius</strong></span> <span class='ocrx_word' id='word_1_123' title='bbox 1152 1003 1385 1044; x_wconf 86' lang='lat' dir='ltr'><strong>locutionis</strong></span> <span class='ocrx_word' id='word_1_124' title='bbox 1406 1009 1449 1044; x_wconf 91' lang='lat' dir='ltr'><strong>et</strong></span> <span class='ocrx_word' id='word_1_125' title='bbox 1467 1005 1672 1058; x_wconf 87' lang='lat' dir='ltr'><strong>ellipticae</strong></span> 
     </span>
     <span class='ocr_line' id='line_1_16' title="bbox 165 1059 1668 1115; baseline 0.001 -14"><span class='ocrx_word' id='word_1_126' title='bbox 165 1064 210 1101; x_wconf 88' lang='lat' dir='ltr'><strong>et</strong></span> <span class='ocrx_word' id='word_1_127' title='bbox 239 1061 381 1114; x_wconf 84' lang='lat' dir='ltr'><strong>plenae</strong></span> <span class='ocrx_word' id='word_1_128' title='bbox 411 1062 614 1115; x_wconf 84' lang='lat' dir='ltr'><strong>exempla</strong></span> <span class='ocrx_word' id='word_1_129' title='bbox 634 1062 869 1113; x_wconf 87' lang='lat' dir='ltr'><strong>congessit.</strong></span> <span class='ocrx_word' id='word_1_130' title='bbox 931 1059 1097 1101; x_wconf 86' lang='lat' dir='ltr'><strong>Passim</strong></span> <span class='ocrx_word' id='word_1_131' title='bbox 1118 1061 1252 1100; x_wconf 85' lang='lat' dir='ltr'><strong>etiam</strong></span> <span class='ocrx_word' id='word_1_132' title='bbox 1287 1061 1381 1103; x_wconf 77' lang='grc' dir='ltr'><strong>πνοῆ</strong></span> <span class='ocrx_word' id='word_1_133' title='bbox 1417 1061 1668 1102; x_wconf 87' lang='lat' dir='ltr'><strong>subaudias.</strong></span> 
     </span>
     <span class='ocr_line' id='line_1_17' title="bbox 164 1115 1671 1172; baseline 0.001 -14"><span class='ocrx_word' id='word_1_134' title='bbox 164 1115 267 1158; x_wconf 85' lang='lat' dir='ltr'><strong>Nisi</strong></span> <span class='ocrx_word' id='word_1_135' title='bbox 301 1119 443 1166; x_wconf 86' lang='lat' dir='ltr'><strong>malis,</strong></span> <span class='ocrx_word' id='word_1_136' title='bbox 481 1118 597 1170; x_wconf 89' lang='lat' dir='ltr'><strong>quod</strong></span> <span class='ocrx_word' id='word_1_137' title='bbox 636 1118 1008 1172; x_wconf 88' lang='lat' dir='ltr'><strong>simplicissimum</strong></span> <span class='ocrx_word' id='word_1_138' title='bbox 1038 1121 1161 1171; x_wconf 89' lang='lat' dir='ltr'><strong>puto,</strong></span> <span class='ocrx_word' id='word_1_139' title='bbox 1193 1135 1228 1157; x_wconf 78' lang='grc' dir='ltr'><strong>τι</strong></span> <span class='ocrx_word' id='word_1_140' title='bbox 1261 1118 1480 1172; x_wconf 89' lang='lat' dir='ltr'><strong>supplere.</strong></span> <span class='ocrx_word' id='word_1_141' title='bbox 1543 1115 1671 1159; x_wconf 87' lang='lat' dir='ltr'><strong>Hanc</strong></span> 
     </span>
    </p>
   </div>
   <div class='ocr_carea' id='block_1_5' title="bbox 90 1175 1687 1227">
    <p class='ocr_par' dir='ltr' id='par_1_5' title="bbox 90 1175 1687 1227">
     <span class='ocr_line' id='line_1_18' title="bbox 90 1175 1687 1227; baseline 0.002 -12"><span class='ocrx_word' id='word_1_142' title='bbox 90 1191 93 1193; x_wconf 55' lang='lat'><em>¹</em></span> <span class='ocrx_word' id='word_1_143' title='bbox 162 1175 376 1216; x_wconf 87' lang='lat' dir='ltr'><strong>rationem</strong></span> <span class='ocrx_word' id='word_1_144' title='bbox 410 1175 596 1216; x_wconf 84' lang='lat' dir='ltr'><strong>maxime</strong></span> <span class='ocrx_word' id='word_1_145' title='bbox 639 1175 944 1216; x_wconf 84' lang='lat' dir='ltr'><strong>commendant</strong></span> <span class='ocrx_word' id='word_1_146' title='bbox 991 1176 1102 1216; x_wconf 85' lang='lat' dir='ltr'><strong>tales</strong></span> <span class='ocrx_word' id='word_1_147' title='bbox 1150 1175 1250 1222; x_wconf 90' lang='lat' dir='ltr'><strong>loci,</strong></span> <span class='ocrx_word' id='word_1_148' title='bbox 1295 1175 1436 1227; x_wconf 84' lang='lat' dir='ltr'><strong>qualis</strong></span> <span class='ocrx_word' id='word_1_149' title='bbox 1476 1176 1547 1216; x_wconf 82' lang='lat' dir='ltr'><strong>hic</strong></span> <span class='ocrx_word' id='word_1_150' title='bbox 1585 1175 1687 1222; x_wconf 75' lang='lat' dir='ltr'><strong>Lu-.</strong></span> 
     </span>
    </p>
   </div>
   <div class='ocr_carea' id='block_1_6' title="bbox 161 1231 1670 1631">
    <p class='ocr_par' dir='ltr' id='par_1_6' title="bbox 161 1231 1670 1631">
     <span class='ocr_line' id='line_1_19' title="bbox 162 1231 1670 1288; baseline 0.001 -15"><span class='ocrx_word' id='word_1_151' title='bbox 162 1232 341 1273; x_wconf 62' lang='lat' dir='ltr'><strong>(tianeus</strong></span> <span class='ocrx_word' id='word_1_152' title='bbox 361 1237 443 1274; x_wconf 83' lang='lat' dir='ltr'><strong>est.</strong></span> <span class='ocrx_word' id='word_1_153' title='bbox 479 1237 513 1274; x_wconf 76' lang='lat' dir='ltr'><strong>t.</strong></span> <span class='ocrx_word' id='word_1_154' title='bbox 537 1232 586 1274; x_wconf 77' lang='lat' dir='ltr'><strong>ii.</strong></span> <span class='ocrx_word' id='word_1_155' title='bbox 617 1245 660 1287; x_wconf 90' lang='lat' dir='ltr'><strong>p.</strong></span> <span class='ocrx_word' id='word_1_156' title='bbox 687 1231 778 1273; x_wconf 85' lang='lat'><strong>108.</strong></span> <span class='ocrx_word' id='word_1_157' title='bbox 811 1231 881 1273; x_wconf 68' lang='grc' dir='ltr'><strong><em>οἷον</em></strong></span> <span class='ocrx_word' id='word_1_158' title='bbox 915 1232 990 1287; x_wconf 63' lang='grc' dir='ltr'><strong>’γάρ</strong></span> <span class='ocrx_word' id='word_1_159' title='bbox 1025 1232 1101 1272; x_wconf 70' lang='grc' dir='ltr'><strong>ἀπὸ</strong></span> <span class='ocrx_word' id='word_1_160' title='bbox 1130 1231 1252 1287; x_wconf 77' lang='grc' dir='ltr'><em>ῥόδου,</em></span> <span class='ocrx_word' id='word_1_161' title='bbox 1282 1232 1346 1272; x_wconf 73' lang='grc' dir='ltr'><strong>καὶ</strong></span> <span class='ocrx_word' id='word_1_162' title='bbox 1366 1233 1573 1288; x_wconf 80' lang='grc' dir='ltr'><strong><em>ναρκίσσου,</em></strong></span> <span class='ocrx_word' id='word_1_163' title='bbox 1605 1233 1670 1274; x_wconf 76' lang='grc' dir='ltr'><strong>καῖ</strong></span> 
     </span>
     <span class='ocr_line' id='line_1_20' title="bbox 163 1287 1669 1345; baseline 0.001 -16"><span class='ocrx_word' id='word_1_164' title='bbox 163 1287 359 1338; x_wconf 64' lang='grc' dir='ltr'><strong><em>ὑακίνθου,</em></strong></span> <span class='ocrx_word' id='word_1_165' title='bbox 380 1289 444 1330; x_wconf 74' lang='grc' dir='ltr'><strong>καὶ</strong></span> <span class='ocrx_word' id='word_1_166' title='bbox 474 1291 614 1345; x_wconf 82' lang='grc' dir='ltr'><strong><em>κρίνων,</em></strong></span> <span class='ocrx_word' id='word_1_167' title='bbox 647 1289 711 1330; x_wconf 79' lang='grc' dir='ltr'><strong>καῖ</strong></span> <span class='ocrx_word' id='word_1_168' title='bbox 732 1290 808 1338; x_wconf 73' lang='grc' dir='ltr'><strong><em>ἴων,</em></strong></span> <span class='ocrx_word' id='word_1_169' title='bbox 843 1291 899 1330; x_wconf 73' lang='grc' dir='ltr'><strong>ἔτι</strong></span> <span class='ocrx_word' id='word_1_170' title='bbox 920 1289 958 1330; x_wconf 78' lang='grc' dir='ltr'><strong>δὲ</strong></span> <span class='ocrx_word' id='word_1_171' title='bbox 979 1290 1172 1345; x_wconf 77' lang='grc' dir='ltr'><strong><em>μυρσίνης,</em></strong></span> <span class='ocrx_word' id='word_1_172' title='bbox 1204 1289 1268 1329; x_wconf 73' lang='grc' dir='ltr'><strong>καὶ</strong></span> <span class='ocrx_word' id='word_1_173' title='bbox 1287 1289 1443 1342; x_wconf 71' lang='grc' dir='ltr'><strong>δάφνης,</strong></span> <span class='ocrx_word' id='word_1_174' title='bbox 1460 1289 1524 1330; x_wconf 71' lang='grc' dir='ltr'><strong>καὶ</strong></span> <span class='ocrx_word' id='word_1_175' title='bbox 1542 1294 1669 1342; x_wconf 72' lang='grc' dir='ltr'>ἀμπε-</span> 
     </span>
     <span class='ocr_line' id='line_1_21' title="bbox 161 1345 1667 1403; baseline 0.001 -16"><span class='ocrx_word' id='word_1_176' title='bbox 161 1345 325 1395; x_wconf 59' lang='grc' dir='ltr'><strong>λάνθης,</strong></span> <span class='ocrx_word' id='word_1_177' title='bbox 373 1351 534 1389; x_wconf 74' lang='grc' dir='ltr'><strong><em>τοιοῦτον</em></strong></span> <span class='ocrx_word' id='word_1_178' title='bbox 573 1348 665 1396; x_wconf 65' lang='grc' dir='ltr'><strong>ἡμῖν</strong></span> <span class='ocrx_word' id='word_1_179' title='bbox 710 1346 753 1387; x_wconf 75' lang='grc' dir='ltr'><strong>τὸ</strong></span> <span class='ocrx_word' id='word_1_180' title='bbox 797 1346 867 1391; x_wconf 75' lang='grc' dir='ltr'><strong>’ἡδὺ</strong></span> <span class='ocrx_word' id='word_1_181' title='bbox 910 1349 1180 1401; x_wconf 76' lang='grc' dir='ltr'><strong>προσέβαλλεν.</strong></span> <span class='ocrx_word' id='word_1_182' title='bbox 1215 1346 1436 1403; x_wconf 67' lang='lat' dir='ltr'>SCHAEF]</span> <span class='ocrx_word' id='word_1_183' title='bbox 1512 1346 1586 1388; x_wconf 79' lang='lat' dir='ltr'><strong>Sic</strong></span> <span class='ocrx_word' id='word_1_184' title='bbox 1621 1348 1667 1389; x_wconf 82' lang='lat' dir='ltr'><strong>in</strong></span> 
     </span>
     <span class='ocr_line' id='line_1_22' title="bbox 162 1401 1666 1459; baseline 0.002 -16"><span class='ocrx_word' id='word_1_185' title='bbox 162 1403 430 1459; x_wconf 55' lang='grc' dir='ltr'><strong>ὀσφραίνεσθαί</strong></span> <span class='ocrx_word' id='word_1_186' title='bbox 466 1421 560 1446; x_wconf 81' lang='grc' dir='ltr'><strong><em>τινος</em></strong></span> <span class='ocrx_word' id='word_1_187' title='bbox 592 1405 787 1457; x_wconf 83' lang='lat' dir='ltr'><strong>intellige</strong></span> <span class='ocrx_word' id='word_1_188' title='bbox 817 1405 952 1452; x_wconf 73' lang='grc' dir='ltr'><strong>ὀσμήν.</strong></span> <span class='ocrx_word' id='word_1_189' title='bbox 1012 1402 1132 1445; x_wconf 86' lang='lat' dir='ltr'><strong>Idem</strong></span> <span class='ocrx_word' id='word_1_190' title='bbox 1166 1401 1368 1446; x_wconf 86' lang='lat' dir='ltr'><strong>Comicus</strong></span> <span class='ocrx_word' id='word_1_191' title='bbox 1405 1405 1452 1445; x_wconf 86' lang='lat' dir='ltr'><strong>in</strong></span> <span class='ocrx_word' id='word_1_192' title='bbox 1487 1402 1666 1458; x_wconf 74' lang='lat' dir='ltr'><strong>Lysistr-</strong></span> 
     </span>
     <span class='ocr_line' id='line_1_23' title="bbox 163 1460 1668 1517; baseline 0.001 -15"><span class='ocrx_word' id='word_1_193' title='bbox 163 1473 205 1502; x_wconf 87' lang='lat' dir='ltr'><strong>v.</strong></span> <span class='ocrx_word' id='word_1_194' title='bbox 230 1461 327 1504; x_wconf 83' lang='lat'><strong>619.</strong></span> <span class='ocrx_word' id='word_1_195' title='bbox 352 1460 633 1516; x_wconf 72' lang='grc' dir='ltr'><strong><em>Ὀσφραίνομαι</em></strong></span> <span class='ocrx_word' id='word_1_196' title='bbox 654 1464 726 1504; x_wconf 70' lang='grc' dir='ltr'><strong>τῆς</strong></span> <span class='ocrx_word' id='word_1_197' title='bbox 744 1461 973 1517; x_wconf 76' lang='grc' dir='ltr'><strong><em>τυραννίδοςε</em></strong></span> <span class='ocrx_word' id='word_1_198' title='bbox 1007 1461 1157 1503; x_wconf 83' lang='lat' dir='ltr'><strong>odoror</strong></span> <span class='ocrx_word' id='word_1_199' title='bbox 1172 1460 1451 1517; x_wconf 78' lang='lat' dir='ltr'><strong>tyrannidem.</strong></span> <span class='ocrx_word' id='word_1_200' title='bbox 1483 1460 1668 1504; x_wconf 89' lang='lat' dir='ltr'><strong>Plenum</strong></span> 
     </span>
     <span class='ocr_line' id='line_1_24' title="bbox 162 1517 1669 1574; baseline 0.001 -15"><span class='ocrx_word' id='word_1_201' title='bbox 162 1522 255 1559; x_wconf 80' lang='lat' dir='ltr'><strong>est:</strong></span> <span class='ocrx_word' id='word_1_202' title='bbox 283 1517 566 1574; x_wconf 83' lang='grc' dir='ltr'><strong><em>Ὀσφραίνομαι</em></strong></span> <span class='ocrx_word' id='word_1_203' title='bbox 586 1518 707 1567; x_wconf 76' lang='grc' dir='ltr'><strong>ὀσμῆν</strong></span> <span class='ocrx_word' id='word_1_204' title='bbox 737 1522 807 1563; x_wconf 66' lang='grc' dir='ltr'><strong>τῆς</strong></span> <span class='ocrx_word' id='word_1_205' title='bbox 835 1518 1041 1574; x_wconf 74' lang='grc' dir='ltr'><strong><em>τυραννίδος</em></strong></span> <span class='ocrx_word' id='word_1_206' title='bbox 1052 1523 1078 1559; x_wconf 70' lang='lat'><strong>².</strong></span> <span class='ocrx_word' id='word_1_207' title='bbox 1142 1518 1251 1574; x_wconf 80' lang='lat' dir='ltr'><strong>[Vix</strong></span> <span class='ocrx_word' id='word_1_208' title='bbox 1279 1532 1388 1574; x_wconf 87' lang='lat' dir='ltr'><strong>opus</strong></span> <span class='ocrx_word' id='word_1_209' title='bbox 1422 1519 1491 1560; x_wconf 81' lang='lat' dir='ltr'><strong>his</strong></span> <span class='ocrx_word' id='word_1_210' title='bbox 1520 1520 1669 1561; x_wconf 79' lang='lat' dir='ltr'><strong>amba-</strong></span> 
     </span>
     <span class='ocr_line' id='line_1_25' title="bbox 161 1575 564 1631; baseline 0 -14"><span class='ocrx_word' id='word_1_211' title='bbox 161 1576 305 1629; x_wconf 82' lang='lat' dir='ltr'><strong>gibus.</strong></span> <span class='ocrx_word' id='word_1_212' title='bbox 342 1575 564 1631; x_wconf 55' lang='lat' dir='ltr'><strong>Somnum]</strong></span> 
     </span>
    </p>
   </div>
   <div class='ocr_carea' id='block_1_7' title="bbox 691 1649 1134 1700">
    <p class='ocr_par' dir='ltr' id='par_1_7' title="bbox 691 1649 1134 1700">
     <span class='ocr_line' id='line_1_26' title="bbox 691 1649 1134 1700; baseline 0.002 -8"><span class='ocrx_word' id='word_1_213' title='bbox 691 1651 718 1678; x_wconf 49' lang='grc' dir='ltr'><strong>’ἒ</strong></span> <span class='ocrx_word' id='word_1_214' title='bbox 744 1649 1011 1700; x_wconf 84' lang='grc' dir='ltr'><strong>ΟΣΤΕΟΝ,</strong></span> <span class='ocrx_word' id='word_1_215' title='bbox 1053 1649 1134 1693; x_wconf 85' lang='lat' dir='ltr'><strong>OS.</strong></span> 
     </span>
    </p>
   </div>
   <div class='ocr_carea' id='block_1_8' title="bbox 149 1721 1663 2238">
    <p class='ocr_par' dir='ltr' id='par_1_8' title="bbox 149 1721 1663 2238">
     <span class='ocr_line' id='line_1_27' title="bbox 215 1721 1663 1781; baseline 0.002 -18"><span class='ocrx_word' id='word_1_216' title='bbox 215 1721 267 1764; x_wconf 90' lang='lat' dir='ltr'><strong>In</strong></span> <span class='ocrx_word' id='word_1_217' title='bbox 307 1724 359 1765; x_wconf 76' lang='grc' dir='ltr'><strong>ταὶ</strong></span> <span class='ocrx_word' id='word_1_218' title='bbox 390 1726 547 1780; x_wconf 79' lang='grc' dir='ltr'><em>νέβρεια,</em></span> <span class='ocrx_word' id='word_1_219' title='bbox 594 1724 720 1773; x_wconf 67' lang='lat' dir='ltr'><strong>tibiae,</strong></span> <span class='ocrx_word' id='word_1_220' title='bbox 753 1727 870 1780; x_wconf 82' lang='lat' dir='ltr'><strong>apud</strong></span> <span class='ocrx_word' id='word_1_221' title='bbox 903 1724 1186 1767; x_wconf 85' lang='lat' dir='ltr'><strong>Plutarchum</strong></span> <span class='ocrx_word' id='word_1_222' title='bbox 1216 1727 1263 1768; x_wconf 93' lang='lat' dir='ltr'><strong>in</strong></span> <span class='ocrx_word' id='word_1_223' title='bbox 1303 1726 1449 1781; x_wconf 88' lang='lat' dir='ltr'><strong>Symp.</strong></span> <span class='ocrx_word' id='word_1_224' title='bbox 1485 1738 1532 1780; x_wconf 90' lang='lat' dir='ltr'><strong>p.</strong></span> <span class='ocrx_word' id='word_1_225' title='bbox 1573 1725 1663 1767; x_wconf 89' lang='lat'><strong>150.</strong></span> 
     </span>
     <span class='ocr_line' id='line_1_28' title="bbox 157 1778 1661 1838; baseline 0.001 -17"><span class='ocrx_word' id='word_1_226' title='bbox 157 1778 291 1822; x_wconf 89' lang='lat' dir='ltr'><strong>Plene</strong></span> <span class='ocrx_word' id='word_1_227' title='bbox 316 1781 449 1823; x_wconf 82' lang='lat' dir='ltr'><strong>habet</strong></span> <span class='ocrx_word' id='word_1_228' title='bbox 478 1780 772 1824; x_wconf 83' lang='lat' dir='ltr'><strong>Callimachus</strong></span> <span class='ocrx_word' id='word_1_229' title='bbox 794 1784 939 1836; x_wconf 88' lang='lat' dir='ltr'><strong>hymn.</strong></span> <span class='ocrx_word' id='word_1_230' title='bbox 973 1784 1018 1823; x_wconf 85' lang='lat' dir='ltr'><strong>in</strong></span> <span class='ocrx_word' id='word_1_231' title='bbox 1054 1782 1185 1825; x_wconf 83' lang='lat' dir='ltr'><strong>Dian.</strong></span> <span class='ocrx_word' id='word_1_232' title='bbox 1220 1797 1261 1824; x_wconf 87' lang='lat' dir='ltr'><strong>v.</strong></span> <span class='ocrx_word' id='word_1_233' title='bbox 1283 1783 1379 1825; x_wconf 74' lang='lat'><strong>244.</strong></span> <span class='ocrx_word' id='word_1_234' title='bbox 1416 1782 1587 1838; x_wconf 80' lang='grc' dir='ltr'>Νέβρεια</span> <span class='ocrx_word' id='word_1_235' title='bbox 1617 1782 1661 1823; x_wconf 80' lang='grc' dir='ltr'><strong>δι’</strong></span> 
     </span>
     <span class='ocr_line' id='line_1_29' title="bbox 158 1839 1661 1894; baseline 0.002 -16"><span class='ocrx_word' id='word_1_236' title='bbox 158 1840 272 1878; x_wconf 72' lang='grc' dir='ltr'>ὀστέα</span> <span class='ocrx_word' id='word_1_237' title='bbox 292 1839 524 1894; x_wconf 68' lang='grc' dir='ltr'><strong>τετρήνοντο.</strong></span> <span class='ocrx_word' id='word_1_238' title='bbox 583 1839 806 1882; x_wconf 82' lang='lat' dir='ltr'><strong>Nimirum</strong></span> <span class='ocrx_word' id='word_1_239' title='bbox 837 1853 891 1880; x_wconf 86' lang='lat' dir='ltr'><strong>ex</strong></span> <span class='ocrx_word' id='word_1_240' title='bbox 923 1840 1203 1882; x_wconf 88' lang='lat' dir='ltr'><strong>hinnulorum</strong></span> <span class='ocrx_word' id='word_1_241' title='bbox 1234 1842 1406 1882; x_wconf 86' lang='lat' dir='ltr'><strong>ossibus</strong></span> <span class='ocrx_word' id='word_1_242' title='bbox 1430 1840 1553 1882; x_wconf 88' lang='lat' dir='ltr'><strong>tibiae</strong></span> <span class='ocrx_word' id='word_1_243' title='bbox 1586 1853 1661 1881; x_wconf 85' lang='lat' dir='ltr'><strong>an-</strong></span> 
     </span>
     <span class='ocr_line' id='line_1_30' title="bbox 155 1896 1659 1952; baseline 0.001 -16"><span class='ocrx_word' id='word_1_244' title='bbox 155 1896 343 1948; x_wconf 86' lang='lat' dir='ltr'><strong>tiquitus</strong></span> <span class='ocrx_word' id='word_1_245' title='bbox 373 1897 655 1951; x_wconf 83' lang='lat' dir='ltr'><strong>parabantur.</strong></span> <span class='ocrx_word' id='word_1_246' title='bbox 692 1911 733 1938; x_wconf 77' lang='lat' dir='ltr'><strong>v,</strong></span> <span class='ocrx_word' id='word_1_247' title='bbox 771 1898 1009 1938; x_wconf 85' lang='lat' dir='ltr'><strong>Athenaeus</strong></span> <span class='ocrx_word' id='word_1_248' title='bbox 1037 1899 1110 1939; x_wconf 91' lang='lat' dir='ltr'><strong>lib.</strong></span> <span class='ocrx_word' id='word_1_249' title='bbox 1143 1900 1201 1939; x_wconf 75' lang='lat' dir='ltr'><strong>iv,</strong></span> <span class='ocrx_word' id='word_1_250' title='bbox 1237 1911 1282 1952; x_wconf 89' lang='lat' dir='ltr'><strong>p.</strong></span> <span class='ocrx_word' id='word_1_251' title='bbox 1310 1897 1403 1939; x_wconf 79' lang='lat'><strong>182.</strong></span> <span class='ocrx_word' id='word_1_252' title='bbox 1445 1897 1659 1944; x_wconf 64' lang='lat' dir='ltr'><strong>Scnwuss.</strong></span> 
     </span>
     <span class='ocr_line' id='line_1_31' title="bbox 158 1951 1662 2010; baseline -0.001 -15"><span class='ocrx_word' id='word_1_253' title='bbox 158 1951 416 1995; x_wconf 80' lang='lat' dir='ltr'><strong>Plutarcheo</strong></span> <span class='ocrx_word' id='word_1_254' title='bbox 452 1955 548 1996; x_wconf 91' lang='lat' dir='ltr'><strong>loco</strong></span> <span class='ocrx_word' id='word_1_255' title='bbox 582 1955 650 1996; x_wconf 90' lang='lat' dir='ltr'><strong>vir</strong></span> <span class='ocrx_word' id='word_1_256' title='bbox 687 1955 835 1996; x_wconf 88' lang='lat' dir='ltr'><strong>doctus</strong></span> <span class='ocrx_word' id='word_1_257' title='bbox 870 1956 1088 1996; x_wconf 82' lang='lat' dir='ltr'><strong>abstinere</strong></span> <span class='ocrx_word' id='word_1_258' title='bbox 1124 1956 1333 1996; x_wconf 88' lang='lat' dir='ltr'><strong>debebat:</strong></span> <span class='ocrx_word' id='word_1_259' title='bbox 1377 1956 1523 2010; x_wconf 89' lang='lat' dir='ltr'><strong>paullo</strong></span> <span class='ocrx_word' id='word_1_260' title='bbox 1559 1958 1662 1996; x_wconf 82' lang='lat' dir='ltr'><strong>ante</strong></span> 
     </span>
     <span class='ocr_line' id='line_1_32' title="bbox 156 2010 1661 2067; baseline 0.001 -16"><span class='ocrx_word' id='word_1_261' title='bbox 156 2010 274 2051; x_wconf 87' lang='lat' dir='ltr'><strong>enim</strong></span> <span class='ocrx_word' id='word_1_262' title='bbox 293 2011 454 2063; x_wconf 85' lang='lat' dir='ltr'><strong>legitur</strong></span> <span class='ocrx_word' id='word_1_263' title='bbox 473 2013 624 2060; x_wconf 83' lang='grc' dir='ltr'><strong><em>ὀστέων,</em></strong></span> <span class='ocrx_word' id='word_1_264' title='bbox 656 2013 713 2053; x_wconf 88' lang='lat' dir='ltr'><strong>ad</strong></span> <span class='ocrx_word' id='word_1_265' title='bbox 741 2025 872 2065; x_wconf 88' lang='lat' dir='ltr'><strong>quam</strong></span> <span class='ocrx_word' id='word_1_266' title='bbox 894 2026 1039 2053; x_wconf 86' lang='lat' dir='ltr'><strong>vocem</strong></span> <span class='ocrx_word' id='word_1_267' title='bbox 1069 2013 1218 2054; x_wconf 87' lang='lat' dir='ltr'><strong>referri</strong></span> <span class='ocrx_word' id='word_1_268' title='bbox 1244 2016 1415 2067; x_wconf 84' lang='lat' dir='ltr'><strong>oportet</strong></span> <span class='ocrx_word' id='word_1_269' title='bbox 1445 2012 1554 2053; x_wconf 89' lang='lat' dir='ltr'><strong>illud</strong></span> <span class='ocrx_word' id='word_1_270' title='bbox 1585 2012 1661 2052; x_wconf 88' lang='lat' dir='ltr'><strong>ad-</strong></span> 
     </span>
     <span class='ocr_line' id='line_1_33' title="bbox 149 2067 1660 2124; baseline 0.002 -17"><span class='ocrx_word' id='word_1_271' title='bbox 149 2068 374 2119; x_wconf 85' lang='lat' dir='ltr'><strong>jectivum.</strong></span> <span class='ocrx_word' id='word_1_272' title='bbox 431 2067 559 2109; x_wconf 85' lang='lat' dir='ltr'><strong>Talia</strong></span> <span class='ocrx_word' id='word_1_273' title='bbox 589 2071 626 2110; x_wconf 93' lang='lat' dir='ltr'><strong>si</strong></span> <span class='ocrx_word' id='word_1_274' title='bbox 656 2070 721 2110; x_wconf 86' lang='lat' dir='ltr'><strong>ita</strong></span> <span class='ocrx_word' id='word_1_275' title='bbox 750 2071 1065 2123; x_wconf 87' lang='lat' dir='ltr'><strong>interpreteris,</strong></span> <span class='ocrx_word' id='word_1_276' title='bbox 1099 2074 1148 2111; x_wconf 89' lang='lat' dir='ltr'><strong>ut</strong></span> <span class='ocrx_word' id='word_1_277' title='bbox 1179 2070 1234 2110; x_wconf 84' lang='lat' dir='ltr'><strong>ad</strong></span> <span class='ocrx_word' id='word_1_278' title='bbox 1272 2083 1400 2124; x_wconf 89' lang='lat' dir='ltr'><strong>opem</strong></span> <span class='ocrx_word' id='word_1_279' title='bbox 1432 2070 1660 2122; x_wconf 82' lang='lat' dir='ltr'><strong>confugias</strong></span> 
     </span>
     <span class='ocr_line' id='line_1_34' title="bbox 156 2122 1658 2179; baseline 0.002 -15"><span class='ocrx_word' id='word_1_280' title='bbox 156 2122 355 2177; x_wconf 86' lang='lat' dir='ltr'><strong>Mysterii</strong></span> <span class='ocrx_word' id='word_1_281' title='bbox 374 2123 595 2179; x_wconf 90' lang='lat' dir='ltr'><strong>Ellipsios,</strong></span> <span class='ocrx_word' id='word_1_282' title='bbox 613 2126 785 2167; x_wconf 91' lang='lat' dir='ltr'><strong>libellus</strong></span> <span class='ocrx_word' id='word_1_283' title='bbox 802 2125 1020 2168; x_wconf 87' lang='lat' dir='ltr'><strong>Bosianus</strong></span> <span class='ocrx_word' id='word_1_284' title='bbox 1040 2131 1258 2169; x_wconf 84' lang='lat' dir='ltr'><strong>excrescet</strong></span> <span class='ocrx_word' id='word_1_285' title='bbox 1278 2128 1323 2168; x_wconf 87' lang='lat' dir='ltr'><strong>in</strong></span> <span class='ocrx_word' id='word_1_286' title='bbox 1342 2131 1408 2169; x_wconf 88' lang='lat' dir='ltr'><strong>tot</strong></span> <span class='ocrx_word' id='word_1_287' title='bbox 1422 2127 1658 2174; x_wconf 81' lang='lat' dir='ltr'><strong>volumina,</strong></span> 
     </span>
     <span class='ocr_line' id='line_1_35' title="bbox 154 2183 981 2238; baseline 0.001 -15"><span class='ocrx_word' id='word_1_288' title='bbox 154 2185 263 2235; x_wconf 87' lang='lat' dir='ltr'><strong>quot</strong></span> <span class='ocrx_word' id='word_1_289' title='bbox 282 2183 357 2223; x_wconf 88' lang='lat' dir='ltr'><strong>vix</strong></span> <span class='ocrx_word' id='word_1_290' title='bbox 373 2185 561 2224; x_wconf 84' lang='lat' dir='ltr'><strong>camelus</strong></span> <span class='ocrx_word' id='word_1_291' title='bbox 581 2187 743 2238; x_wconf 86' lang='lat' dir='ltr'><strong>portet.</strong></span> <span class='ocrx_word' id='word_1_292' title='bbox 782 2183 981 2225; x_wconf 71' lang='lat' dir='ltr'><strong>ScHAEr.</strong></span> 
     </span>
    </p>
   </div>
   <div class='ocr_carea' id='block_1_9' title="bbox 593 2271 1228 2323">
    <p class='ocr_par' dir='ltr' id='par_1_9' title="bbox 593 2271 1228 2323">
     <span class='ocr_line' id='line_1_36' title="bbox 593 2271 1228 2323; baseline 0.003 -9"><span class='ocrx_word' id='word_1_293' title='bbox 593 2276 615 2299; x_wconf 68' lang='lat'><strong>‘¹‘</strong></span> <span class='ocrx_word' id='word_1_294' title='bbox 644 2271 951 2323; x_wconf 83' lang='grc' dir='ltr'><strong>ΟΎΡΑΝΟΣ,</strong></span> <span class='ocrx_word' id='word_1_295' title='bbox 981 2271 1228 2316; x_wconf 83' lang='lat' dir='ltr'><strong>COELUM.</strong></span> 
     </span>
    </p>
   </div>
   <div class='ocr_carea' id='block_1_10' title="bbox 102 2343 1657 2633">
    <p class='ocr_par' dir='ltr' id='par_1_10' title="bbox 209 2343 1159 2399">
     <span class='ocr_line' id='line_1_37' title="bbox 209 2343 1159 2399; baseline 0 -12"><span class='ocrx_word' id='word_1_296' title='bbox 209 2343 321 2387; x_wconf 92' lang='lat' dir='ltr'><strong>Vide</strong></span> <span class='ocrx_word' id='word_1_297' title='bbox 341 2357 476 2399; x_wconf 82' lang='lat' dir='ltr'><strong>supra</strong></span> <span class='ocrx_word' id='word_1_298' title='bbox 494 2344 550 2386; x_wconf 86' lang='lat' dir='ltr'><strong>ad</strong></span> <span class='ocrx_word' id='word_1_299' title='bbox 571 2357 721 2387; x_wconf 89' lang='lat' dir='ltr'><strong>vocem</strong></span> <span class='ocrx_word' id='word_1_300' title='bbox 742 2344 859 2386; x_wconf 84' lang='grc' dir='ltr'><strong>Θεός.</strong></span> <span class='ocrx_word' id='word_1_301' title='bbox 892 2344 1159 2387; x_wconf 71' lang='lat' dir='ltr'><strong>Scuomm.</strong></span> 
     </span>
    </p>

    <p class='ocr_par' dir='ltr' id='par_1_11' title="bbox 102 2401 1657 2633">
     <span class='ocr_line' id='line_1_38' title="bbox 210 2401 1656 2456; baseline 0.001 -13"><span class='ocrx_word' id='word_1_302' title='bbox 210 2402 238 2429; x_wconf 75' lang='lat'><strong>’¹¹‘</strong></span> <span class='ocrx_word' id='word_1_303' title='bbox 267 2401 318 2443; x_wconf 89' lang='lat' dir='ltr'><strong>In</strong></span> <span class='ocrx_word' id='word_1_304' title='bbox 340 2401 539 2456; x_wconf 61' lang='grc' dir='ltr'><strong>ἀνελήφθη</strong></span> <span class='ocrx_word' id='word_1_305' title='bbox 561 2401 710 2444; x_wconf 89' lang='lat' dir='ltr'><strong>Actor.</strong></span> <span class='ocrx_word' id='word_1_306' title='bbox 731 2403 763 2443; x_wconf 91' lang='lat' dir='ltr'><strong>i.</strong></span> <span class='ocrx_word' id='word_1_307' title='bbox 780 2402 825 2444; x_wconf 76' lang='lat'><strong>2.</strong></span> <span class='ocrx_word' id='word_1_308' title='bbox 862 2407 907 2444; x_wconf 90' lang='lat' dir='ltr'><strong>et</strong></span> <span class='ocrx_word' id='word_1_309' title='bbox 926 2402 999 2444; x_wconf 80' lang='lat'><strong>22.</strong></span> <span class='ocrx_word' id='word_1_310' title='bbox 1060 2402 1189 2444; x_wconf 88' lang='lat' dir='ltr'><strong>Plene</strong></span> <span class='ocrx_word' id='word_1_311' title='bbox 1209 2404 1372 2446; x_wconf 87' lang='lat' dir='ltr'><strong>ibidem</strong></span> <span class='ocrx_word' id='word_1_312' title='bbox 1393 2417 1478 2446; x_wconf 90' lang='lat' dir='ltr'><strong>ver.</strong></span> <span class='ocrx_word' id='word_1_313' title='bbox 1504 2403 1568 2445; x_wconf 92' lang='lat'><strong>11.</strong></span> <span class='ocrx_word' id='word_1_314' title='bbox 1595 2401 1656 2444; x_wconf 83' lang='lat' dir='ltr'><strong>‘O</strong></span> 
     </span>
     <span class='ocr_line' id='line_1_39' title="bbox 149 2453 1656 2515; baseline 0.001 -16"><span class='ocrx_word' id='word_1_315' title='bbox 149 2453 316 2510; x_wconf 68' lang='grc' dir='ltr'>Ἰησοῦς,</span> <span class='ocrx_word' id='word_1_316' title='bbox 350 2461 367 2499; x_wconf 82' lang='grc' dir='ltr'><strong><em>ὃ</em></strong></span> <span class='ocrx_word' id='word_1_317' title='bbox 387 2458 620 2512; x_wconf 61' lang='grc' dir='ltr'><strong>ἀναληφθεὶς</strong></span> <span class='ocrx_word' id='word_1_318' title='bbox 645 2462 709 2513; x_wconf 73' lang='grc' dir='ltr'><strong>ἀφ’</strong></span> <span class='ocrx_word' id='word_1_319' title='bbox 733 2461 836 2507; x_wconf 75' lang='grc' dir='ltr'><strong>ὑμῶν</strong></span> <span class='ocrx_word' id='word_1_320' title='bbox 856 2461 908 2501; x_wconf 73' lang='grc' dir='ltr'><strong>εἷς</strong></span> <span class='ocrx_word' id='word_1_321' title='bbox 931 2460 1000 2509; x_wconf 67' lang='grc' dir='ltr'><strong>τὸν</strong></span> <span class='ocrx_word' id='word_1_322' title='bbox 1030 2462 1191 2515; x_wconf 78' lang='grc' dir='ltr'><strong>οὐρανόν.</strong></span> <span class='ocrx_word' id='word_1_323' title='bbox 1228 2461 1441 2503; x_wconf 79' lang='lat' dir='ltr'><strong>SCHWEB.</strong></span> <span class='ocrx_word' id='word_1_324' title='bbox 1502 2459 1656 2515; x_wconf 85' lang='lat' dir='ltr'><strong>Neque</strong></span> 
     </span>
     <span class='ocr_line' id='line_1_40' title="bbox 153 2515 1657 2574; baseline 0.001 -18"><span class='ocrx_word' id='word_1_325' title='bbox 153 2515 224 2559; x_wconf 76' lang='lat' dir='ltr'><strong>h‘ic</strong></span> <span class='ocrx_word' id='word_1_326' title='bbox 254 2530 364 2571; x_wconf 91' lang='lat' dir='ltr'><strong>opus</strong></span> <span class='ocrx_word' id='word_1_327' title='bbox 394 2517 451 2558; x_wconf 88' lang='lat' dir='ltr'><strong>ad</strong></span> <span class='ocrx_word' id='word_1_328' title='bbox 484 2517 658 2571; x_wconf 89' lang='lat' dir='ltr'><strong>ellipsin</strong></span> <span class='ocrx_word' id='word_1_329' title='bbox 695 2517 947 2570; x_wconf 82' lang='lat' dir='ltr'><strong>confugere.</strong></span> <span class='ocrx_word' id='word_1_330' title='bbox 1003 2516 1371 2567; x_wconf 63' lang='grc' dir='ltr'><strong>Ἀναλαμβάνεσθαι</strong></span> <span class='ocrx_word' id='word_1_331' title='bbox 1401 2521 1546 2574; x_wconf 89' lang='lat' dir='ltr'><strong>ipsum</strong></span> <span class='ocrx_word' id='word_1_332' title='bbox 1579 2531 1657 2573; x_wconf 89' lang='lat' dir='ltr'><strong>per</strong></span> 
     </span>
     <span class='ocr_line' id='line_1_41' title="bbox 102 2573 1656 2633; baseline 0 -18"><span class='ocrx_word' id='word_1_333' title='bbox 102 2573 105 2578; x_wconf 86' lang='grc'><strong>“</strong></span> <span class='ocrx_word' id='word_1_334' title='bbox 152 2586 199 2615; x_wconf 86' lang='lat' dir='ltr'><strong>se</strong></span> <span class='ocrx_word' id='word_1_335' title='bbox 232 2580 300 2616; x_wconf 85' lang='lat' dir='ltr'><strong>est</strong></span> <span class='ocrx_word' id='word_1_336' title='bbox 330 2587 496 2616; x_wconf 79' lang='lat' dir='ltr'><strong>sursum</strong></span> <span class='ocrx_word' id='word_1_337' title='bbox 529 2573 635 2616; x_wconf 69' lang='lat' dir='ltr'><strong>tolli.</strong></span> <span class='ocrx_word' id='word_1_338' title='bbox 698 2573 864 2616; x_wconf 81' lang='lat' dir='ltr'><strong>Passim</strong></span> <span class='ocrx_word' id='word_1_339' title='bbox 891 2574 1009 2617; x_wconf 88' lang='lat' dir='ltr'><strong>enim</strong></span> <span class='ocrx_word' id='word_1_340' title='bbox 1039 2576 1086 2615; x_wconf 89' lang='lat' dir='ltr'><strong>in</strong></span> <span class='ocrx_word' id='word_1_341' title='bbox 1120 2578 1373 2631; x_wconf 85' lang='lat' dir='ltr'><strong>compositis</strong></span> <span class='ocrx_word' id='word_1_342' title='bbox 1407 2576 1656 2633; x_wconf 71' lang='lat' dir='ltr'><strong>praepositio</strong></span> 
     </span>
    </p>
   </div>
   <div class='ocr_carea' id='block_1_11' title="bbox 147 2715 1656 2930">
    <p class='ocr_par' dir='ltr' id='par_1_12' title="bbox 147 2715 1656 2834">
     <span class='ocr_line' id='line_1_42' title="bbox 194 2715 1655 2758; baseline 0 -11"><span class='ocrx_word' id='word_1_343' title='bbox 194 2719 211 2738; x_wconf 63' lang='grc' dir='ltr'>Ε</span> <span class='ocrx_word' id='word_1_344' title='bbox 232 2715 339 2748; x_wconf 88' lang='lat' dir='ltr'><strong>Priori</strong></span> <span class='ocrx_word' id='word_1_345' title='bbox 352 2715 586 2757; x_wconf 73' lang='lat' dir='ltr'><strong>Aristophanis</strong></span> <span class='ocrx_word' id='word_1_346' title='bbox 597 2717 673 2748; x_wconf 86' lang='lat' dir='ltr'><strong>loco</strong></span> <span class='ocrx_word' id='word_1_347' title='bbox 685 2717 768 2748; x_wconf 81' lang='lat' dir='ltr'><strong>adde</strong></span> <span class='ocrx_word' id='word_1_348' title='bbox 779 2716 870 2748; x_wconf 88' lang='lat' dir='ltr'><strong>Aris·</strong></span> <span class='ocrx_word' id='word_1_349' title='bbox 937 2717 1109 2757; x_wconf 64' lang='lat' dir='ltr'><strong>meqfflat.</strong></span> <span class='ocrx_word' id='word_1_350' title='bbox 1155 2716 1280 2758; x_wconf 82' lang='lat' dir='ltr'><strong>Supplc</strong></span> <span class='ocrx_word' id='word_1_351' title='bbox 1305 2717 1388 2758; x_wconf 67' lang='grc' dir='ltr'><strong>ὄσμῆ.</strong></span> <span class='ocrx_word' id='word_1_352' title='bbox 1410 2718 1537 2750; x_wconf 69' lang='lat' dir='ltr'><strong>Lmsn.</strong></span> <span class='ocrx_word' id='word_1_353' title='bbox 1580 2716 1655 2748; x_wconf 84' lang='lat' dir='ltr'><strong>Fal-</strong></span> 
     </span>
     <span class='ocr_line' id='line_1_43' title="bbox 147 2758 1656 2834; baseline 0 -44"><span class='ocrx_word' id='word_1_354' title='bbox 147 2758 246 2814; x_wconf 59' lang='lat' dir='ltr'><strong>toph.</strong></span> <span class='ocrx_word' id='word_1_355' title='bbox 271 2759 354 2790; x_wconf 75' lang='lat' dir='ltr'><strong>Rau.</strong></span> <span class='ocrx_word' id='word_1_356' title='bbox 369 2768 402 2789; x_wconf 88' lang='grc' dir='ltr'><strong>ν.</strong></span> <span class='ocrx_word' id='word_1_357' title='bbox 418 2762 491 2790; x_wconf 81' lang='lat'><strong>341.</strong></span> <span class='ocrx_word' id='word_1_358' title='bbox 937 2758 1037 2789; x_wconf 71' lang='lat' dir='ltr'><strong>litut:</strong></span> <span class='ocrx_word' id='word_1_359' title='bbox 1064 2759 1185 2791; x_wconf 85' lang='lat' dir='ltr'><strong>similis</strong></span> <span class='ocrx_word' id='word_1_360' title='bbox 1210 2767 1260 2791; x_wconf 84' lang='lat' dir='ltr'><strong>est</strong></span> <span class='ocrx_word' id='word_1_361' title='bbox 1285 2761 1385 2834; x_wconf 58' lang='lat' dir='ltr'><strong>enin:i</strong></span> <span class='ocrx_word' id='word_1_362' title='bbox 1398 2761 1455 2791; x_wconf 85' lang='lat' dir='ltr'><strong>hic</strong></span> <span class='ocrx_word' id='word_1_363' title='bbox 1480 2761 1574 2791; x_wconf 74' lang='lat' dir='ltr'><strong>locus</strong></span> <span class='ocrx_word' id='word_1_364' title='bbox 1589 2759 1656 2790; x_wconf 89' lang='lat' dir='ltr'><strong>Lu-</strong></span> 
     </span>
    </p>

    <p class='ocr_par' dir='ltr' id='par_1_13' title="bbox 202 2801 1655 2837">
     <span class='ocr_line' id='line_1_44' title="bbox 202 2801 1655 2837; baseline 0.002 -6"><span class='ocrx_word' id='word_1_365' title='bbox 202 2806 225 2830; x_wconf 88' lang='grc' dir='ltr'><strong>Ω</strong></span> <span class='ocrx_word' id='word_1_366' title='bbox 240 2801 342 2832; x_wconf 62' lang='grc' dir='ltr'><strong><em>πότνια</em></strong></span> <span class='ocrx_word' id='word_1_367' title='bbox 353 2802 462 2832; x_wconf 57' lang='lat' dir='ltr'><strong>maun-l</strong></span> <span class='ocrx_word' id='word_1_368' title='bbox 488 2802 591 2833; x_wconf 62' lang='lat' dir='ltr'><strong>›areAs</strong></span> <span class='ocrx_word' id='word_1_369' title='bbox 634 2815 653 2833; x_wconf 68' lang='lat' dir='ltr'><strong>rr</strong></span> <span class='ocrx_word' id='word_1_370' title='bbox 667 2816 692 2836; x_wconf 70' lang='grc' dir='ltr'><strong>ας</strong></span> <span class='ocrx_word' id='word_1_371' title='bbox 709 2802 742 2833; x_wconf 75' lang='grc' dir='ltr'>κὸ</span> <span class='ocrx_word' id='word_1_372' title='bbox 778 2826 785 2837; x_wconf 91' lang='grc'>,</span> <span class='ocrx_word' id='word_1_373' title='bbox 937 2802 1054 2833; x_wconf 83' lang='lat' dir='ltr'><strong>cianeo</strong></span> <span class='ocrx_word' id='word_1_374' title='bbox 1112 2813 1187 2834; x_wconf 85' lang='lat' dir='ltr'><strong>uem</strong></span> <span class='ocrx_word' id='word_1_375' title='bbox 1208 2805 1306 2834; x_wconf 87' lang='lat' dir='ltr'><strong>modo</strong></span> <span class='ocrx_word' id='word_1_376' title='bbox 1330 2803 1363 2834; x_wconf 82' lang='lat' dir='ltr'><strong>vi</strong></span> <span class='ocrx_word' id='word_1_377' title='bbox 1391 2804 1485 2834; x_wconf 85' lang='lat' dir='ltr'><strong>‘mus.</strong></span> <span class='ocrx_word' id='word_1_378' title='bbox 1563 2813 1655 2834; x_wconf 83' lang='lat' dir='ltr'><strong>uam-</strong></span> 
     </span>
    </p>

    <p class='ocr_par' dir='ltr' id='par_1_14' title="bbox 151 2803 1655 2930">
     <span class='ocr_line' id='line_1_45' title="bbox 189 2803 1655 2888; baseline 0.003 -14"><span class='ocrx_word' id='word_1_379' title='bbox 189 2845 237 2879; x_wconf 79' lang='grc' dir='ltr'><strong>Ὣς</strong></span> <span class='ocrx_word' id='word_1_380' title='bbox 253 2842 303 2877; x_wconf 71' lang='grc' dir='ltr'><strong>ἡδύ</strong></span> <span class='ocrx_word' id='word_1_381' title='bbox 314 2858 362 2884; x_wconf 73' lang='grc' dir='ltr'><strong>μοι</strong></span> <span class='ocrx_word' id='word_1_382' title='bbox 376 2816 558 2888; x_wconf 51' lang='grc' dir='ltr'><strong>πρασέζῖευσε</strong></span> <span class='ocrx_word' id='word_1_383' title='bbox 571 2816 697 2888; x_wconf 40' lang='lat' dir='ltr'><strong>gasaw</strong></span> <span class='ocrx_word' id='word_1_384' title='bbox 712 2816 805 2888; x_wconf 59' lang='grc' dir='ltr'><strong>κρίἶῖν.</strong></span> <span class='ocrx_word' id='word_1_385' title='bbox 935 2855 1034 2885; x_wconf 83' lang='lat' dir='ltr'><strong>quam</strong></span> <span class='ocrx_word' id='word_1_386' title='bbox 1057 2813 1176 2877; x_wconf 50' lang='lat' dir='ltr'><strong>edidero</strong></span> <span class='ocrx_word' id='word_1_387' title='bbox 1201 2847 1298 2879; x_wconf 83' lang='lat' dir='ltr'><strong>modo</strong></span> <span class='ocrx_word' id='word_1_388' title='bbox 1325 2815 1484 2880; x_wconf 53' lang='lat' dir='ltr'><strong>Kuslterus</strong></span> <span class='ocrx_word' id='word_1_389' title='bbox 1499 2803 1655 2888; x_wconf 41' lang='lat' dir='ltr'><strong>exffilicat.</strong></span> 
     </span>
     <span class='ocr_line' id='line_1_46' title="bbox 151 2887 1116 2930; baseline -0.004 -7"><span class='ocrx_word' id='word_1_390' title='bbox 151 2888 258 2923; x_wconf 68' lang='lat' dir='ltr'><strong>Quam</strong></span> <span class='ocrx_word' id='word_1_391' title='bbox 275 2890 382 2922; x_wconf 68' lang='lat' dir='ltr'><strong>suavis</strong></span> <span class='ocrx_word' id='word_1_392' title='bbox 402 2889 514 2929; x_wconf 88' lang='lat' dir='ltr'><strong>(odor)</strong></span> <span class='ocrx_word' id='word_1_393' title='bbox 531 2890 702 2924; x_wconf 68' lang='lat' dir='ltr'><strong>suillarum</strong></span> <span class='ocrx_word' id='word_1_394' title='bbox 723 2890 871 2923; x_wconf 77' lang='lat' dir='ltr'><strong>carnium</strong></span> <span class='ocrx_word' id='word_1_395' title='bbox 937 2887 1116 2930; x_wconf 54' lang='lat' dir='ltr'><strong>Senum]</strong></span> 
     </span>
    </p>
   </div>
  </div>
 </body>
</html>
