1838 3164
227 127 283 171 48
602 132 935 186 :PLEONASMI
964 130 1356 188 PRONOMINUM.

226 244 356 286 Unde
375 257 480 298 ergo
501 246 605 288 illa?
626 246 794 299 Aliqua
809 251 956 288 tamen
971 245 1142 287 ratione
1158 257 1225 286 res
1245 245 1435 298 pertinet
1449 242 1504 284 ad
1523 244 1734 298 personas

227 303 385 344 dativis
426 304 514 344 illis
540 303 798 345 declaratas.
858 303 1006 344 Primo
1040 305 1131 344 loco
1163 302 1380 354 significat
1415 300 1634 343 Lucianus
1658 301 1736 343 lll'o

227 360 298 405 σοὶ,
327 359 513 402 risurum
533 373 616 403 esse
637 359 852 403 Oromium
859 359 1015 415 furore
1043 359 1166 403 stulta·
1185 365 1226 400 et
1251 370 1363 400 vana
1382 357 1524 414 gloria
1542 358 1738 401 eoecaecati

224 416 353 465 senis,
377 419 508 471 idque
531 419 640 459 facit
660 420 773 460 salsa
794 431 893 459 cum
915 419 1082 459 ironia:
1113 430 1215 458 nam
1232 417 1468 458 secundum
1488 417 1616 458 verba
1633 417 1735 469 quis

204 479 366 528 ·putet‚
396 489 555 531 magno
582 474 725 518 dolore
745 473 975 523 Cromium,
1008 474 1161 517 amisso
1197 473 1276 516 tali
1304 473 1413 522 viro,
1445 472 1644 529 affectum
1662 471 1737 515 iri.

206 530 394 573 ‘Deinde
420 533 458 587 ξ.
466 511 525 574 02.
558 534 604 574 in
633 533 686 574 σοὶ
708 534 786 573 hoc
803 533 896 573 fere
917 532 1060 574 inest:
1102 531 1201 574 Tibi
1218 531 1403 574 maxime
1421 530 1497 572 hoc
1515 543 1666 579 narro,
1686 536 1737 573 ut

205 588 303 645 qui
335 589 563 644 gavisum
594 603 669 638 sis,
682 588 815 655 quod
840 587 1035 645 feliciter
1069 589 1237 646 elapsus
1255 602 1376 636 sum;
1407 592 1510 638 aut,
1527 602 1613 630 non
1645 587 1738 630 sine

204 645 371 702 *aliquo
401 654 518 690 motu
551 646 689 690 animi
722 660 942 702 cognosces
977 646 1029 688 de
1054 647 1246 703 periculo
1272 660 1376 688 meo.
1438 645 1506 687 In
1514 650 1738 710 postremo

223 703 289 751 μοὶ
311 705 415 746 hoc:
448 704 553 747 Mea
584 703 892 761 quodammodo
926 703 1114 754 interest,
1147 711 1187 746 te
1213 704 1384 762 penitus
1405 716 1653 760 cognoscere
1670 701 1736 753 id,

225 761 338 828 quod
364 761 548 804 maxime
574 768 723 804 notatu
745 762 926 818 dignum
945 761 1127 804 videtur.
1187 761 1348 816 Itaque
1363 762 1473 803 tales
1493 762 1737 816 pleonasmi

213 819 426 861 oriuntur
446 833 470 861 e
493 833 667 872 magna,
701 822 738 863 si
773 822 872 873 quis
903 821 966 861 ita
986 821 1130 862 dicere
1148 821 1259 868 vult,
1291 820 1462 874 ellipsi;
1492 824 1544 861 ut
1563 819 1739 867 μάλιστά

224 892 279 916 σοι
300 881 411 919 τοῦτο
430 876 627 932 λυπῆξον’
619 879 740 925 ἔσται,
765 878 818 918 σοὶ
837 875 944 920 ’ἧδὺ”
927 894 1032 918 εσται
1062 894 1174 919 τουτο
1194 878 1424 926 γιγνώσκειν,
1456 877 1550 925 ἐμοὶ
1558 891 1738 931 κεχαρισ-

223 935 333 980 μένος
361 935 441 990 ἐ’σῃ.
472 933 578 975 Pam
599 939 756 988 arguta
786 936 977 977 brevitas
1011 949 1098 977 non
1129 937 1275 990 potest
1304 947 1393 976 non
1413 946 1619 988 magnam
1647 935 1738 974 vim

202 1014 205 1017 -
223 990 398 1039 habere,
430 992 467 1033 si
488 1005 575 1033 non
596 997 662 1034 est
677 1006 760 1034 usu
783 994 914 1034 nimis
932 994 1054 1035 trita.

218 1074 222 1078 -
280 1049 323 1088 2.
352 1047 403 1090 In
422 1051 739 1092 exclamatione
759 1051 865 1092 111a
865 1049 923 1091 Ὠ
956 1068 1020 1099 μοι
1057 1050 1132 1100 ἐγὼ
1166 1068 1291 1091 naum
1327 1048 1521 1104 Euripid.
1554 1046 1615 1090 Hi
1619 1022 1735 1104 ppol.

222 1103 322 1146 591.
353 1111 398 1148 et
427 1105 648 1150 Phoeniss.
678 1108 776 1150 386.
807 1109 1110 1162 similibusque
1141 1109 1263 1156 locis,
1294 1111 1344 1149 ut
1377 1106 1534 1161 Odyss.
1557 1104 1608 1177 Ε.
1637 1106 1736 1148 299.

221 1166 408 1215 quaestio
437 1166 629 1215 exsistit,
657 1179 746 1208 non
775 1167 883 1208 levis
914 1167 991 1208 illa
1020 1180 1140 1214 sane,
1171 1170 1322 1207 utrum
1341 1164 1406 1214 μοὶ
1425 1178 1480 1206 an
1504 1163 1577 1214 ἐγὼ
1599 1165 1736 1206 abun-

223 1221 312 1268 det,
343 1226 387 1264 et
417 1224 595 1265 omnino
623 1224 843 1278 quomodo
873 1228 1044 1266 constet
1082 1224 1314 1265 verborum
1358 1226 1592 1265 structura.
1668 1219 1738 1263 In-

221 1281 434 1333 terpretes
463 1282 571 1322 talia
600 1282 694 1323 fere
723 1286 967 1331 transeunt,
998 1282 1242 1323 difficiliora
1261 1285 1380 1324 certe
1414 1281 1460 1321 in
1494 1281 1583 1321 illis
1611 1279 1737 1321 dissi-

222 1337 409 1379 mulant.
472 1337 667 1381 Clericus
689 1344 836 1381 autem
856 1340 902 1381 in
921 1339 1031 1381 Arte
1061 1338 1227 1380 Critica
1247 1339 1292 1379 ii.
1330 1338 1369 1386 1,
1407 1338 1468 1378 10.
1501 1340 1613 1378 extr.
1645 1337 1734 1378 sic:

221 1399 251 1418 “
274 1392 325 1435 In
346 1396 664 1438 exclamatione
686 1398 767 1438 hac
790 1395 857 1437 ''ss
879 1415 943 1445 μοι
965 1397 1038 1445 ἐγὼ
1070 1400 1209 1445 κακῶν,
1242 1394 1333 1437 Hei
1359 1393 1470 1436 milli
1498 1407 1575 1450 ego
1605 1393 1735 1437 malo·

222 1455 253 1475 “
275 1453 399 1493 rum!
429 1455 530 1506 quis
568 1455 821 1508 analogiam
858 1455 1109 1496 invenerit?
1149 1454 1197 1494 Si
1231 1453 1489 1494 detrahatur
1513 1451 1606 1500 ἐγὼ,
1636 1465 1738 1494 con-

222 1513 253 1533 “
277 1513 367 1550 stat
405 1513 698 1553 constructio:
741 1516 787 1553 at
826 1512 888 1553 ita
925 1513 1178 1564 frequenter
1211 1511 1399 1552 occurrit
1428 1510 1545 1564 apud
1581 1513 1736 1563 poetas

221 1571 251 1591 “
276 1564 466 1614 Graecos,
497 1572 542 1608 et
562 1571 807 1621 praesertim
828 1570 946 1622 apud
968 1567 1238 1623 Euripidem,
1274 1569 1399 1620 cujus
1421 1568 1492 1608 hic
1512 1569 1579 1608 est
1601 1568 1735 1608 versi-

220 1627 252 1648 “
274 1625 397 1665 culus
422 1637 475 1665 ex
507 1623 749 1679 Hippolyto
783 1623 884 1666 591.
945 1625 1045 1666 Seio
1079 1638 1207 1679 posse
1244 1626 1435 1679 suppleri
1459 1624 1526 1665 ’'ss
1546 1641 1626 1672 μοι,
1659 1623 1735 1673 ἐγὼ

220 1686 250 1705 “
277 1679 431 1733 (ἄθλιός
461 1682 557 1737 εἶμι)
583 1686 708 1722 κακῶν
744 1680 916 1736 Gnaeo:
950 1682 1026 1723 sed
1059 1684 1181 1723 nulla
1209 1686 1275 1723 est
1309 1687 1402 1723 tam
1439 1682 1643 1723 anomala
1675 1683 1735 1723 lo-

220 1743 249 1763 “
274 1740 446 1791 quutio,
476 1752 572 1792 quae
591 1740 908 1794 supplementis
930 1740 1145 1792 ejusmodi
1167 1740 1222 1780 ad
1250 1740 1424 1792 regulas
1445 1739 1639 1781 revocari
1662 1751 1735 1780 ne-

221 1802 250 1821 “
272 1797 448 1849 queat.”
522 1796 609 1838 Sed
649 1798 796 1850 gravis
835 1800 899 1838 est
939 1810 1057 1838 error
1092 1798 1477 1851 grammaticorum
1521 1797 1735 1844 recentio-

219 1867 334 1902 rum,
366 1868 453 1908 quo
474 1855 520 1895 in
544 1853 694 1903 ”Ωμοι,
726 1854 839 1903 οἴμοι,
869 1852 1087 1902 Ἰώμοιμοι,
1118 1854 1279 1902 οἷ’μοιμοι
1314 1855 1522 1906 syllabam
1549 1870 1613 1901 μοι
1649 1858 1735 1896 sta-

217 1915 348 1953 tuunt
375 1925 469 1953 esse
488 1913 686 1954 dativum
707 1914 860 1967 primae
888 1925 1103 1966 personae,
1133 1925 1230 1953 cum
1265 1914 1413 1952 tamen
1444 1913 1503 1952 sit
1533 1912 1735 1965 parsin-

218 1970 491 2023 terjectionis
526 1971 821 2025 amplificatae,
869 1971 1066 2024 nihilque
1101 1970 1186 2011 nisi
1222 1981 1399 2022 gravem
1434 1969 1626 2010 dolorem
1658 1972 1737 2010 aut

219 2028 554 2069 admirationem
574 2041 672 2069 cum
694 2027 730 2068 οἳ
761 2032 804 2069 et
838 2027 880 2068 ἰὼ
907 2028 1062 2080 juncta
1083 2028 1313 2079 significet,
1345 2039 1568 2080 nunquam
1588 2030 1736 2068 autem

217 2084 337 2126 milti.
398 2085 514 2127 Nam
546 2089 589 2137 a)
634 2085 816 2127 affectus
850 2086 985 2126 animi
1024 2098 1250 2137 nunquam
1281 2085 1550 2137 significatur
1586 2084 1736 2125 dativo

214 2156 431 2197 personae,
453 2158 549 2198 quae
568 2143 775 2185 affectum
797 2144 931 2184 sentit
952 2147 1028 2184 aut
1049 2145 1229 2190 excitat,
1261 2143 1336 2183 sed
1356 2143 1539 2196 reliquis
1559 2142 1734 2183 casibus

214 2202 465 2255 promiscue
497 2202 719 2243 omnibus.
782 2200 982 2242 Profer-at
1012 2201 1121 2241 mihi
1153 2203 1252 2254 quis
1278 2201 1480 2254 exempla
1511 2200 1734 2251 hujusmo-

189 2275 198 2285 Χ
221 2258 295 2299 di:
329 2277 432 2308 οισοι,
464 2259 501 2299 οι
529 2260 637 2308 ἧμιν,
673 2277 705 2299 οι
737 2264 791 2316 τῷ
812 2258 896 2313 ἅνδρ
902 2259 939 2299 l!
973 2256 1058 2299 Sed
1080 2271 1205 2299 nemo
1228 2258 1420 2298 habebit.
1481 2255 1524 2310 b)
1557 2254 1734 2310 Repug-

220 2320 331 2358 nant
361 2317 426 2358 illi
455 2317 605 2359 dativo
640 2319 736 2359 loca
765 2276 954 2364 infinita,
985 2316 1061 2356 ubi
1097 2315 1277 2357 affectus
1308 2315 1526 2355 excitatur
1557 2314 1612 2354 ab
1646 2314 1735 2356 alia

220 2386 423 2427 persona,
454 2378 505 2415 ut
525 2375 750 2429 Aristoph.
784 2374 933 2415 Nubb.
964 2372 1064 2414 925.
1087 2386 1142 2414 ss.
1163 2371 1267 2413 ΑΔ.
1291 2373 1319 2413 ὦ
1338 2389 1401 2420 μοι
1424 2372 1570 2424 σοφίας,
1602 2369 1648 2425 ᾗς
1665 2372 1735 2420 ἐμ.-

221 2429 379 2474 νῆσθης.
442 2431 577 2472 ΔΙΚ.
598 2434 690 2488 ὤμοι
709 2434 850 2479 μανίας
870 2433 940 2474 τῆς
959 2432 1042 2479 σῆς,
1063 2432 1208 2471 πόλεως
1229 2428 1267 2469 θ’
1275 2458 1286 2476 ,
1317 2430 1400 2473 ἥτις
1420 2447 1457 2470 σε
1478 2430 1630 2484 τρέφει.
1621 2429 1630 2458 ¹
1658 2427 1734 2470 Er—

221 2501 335 2541 gone
355 2490 430 2530 ille
450 2491 591 2531 vicem
613 2503 736 2531 suam
757 2490 891 2536 dolet,
923 2493 1104 2543 propter
1131 2488 1258 2529 istius
1280 2487 1472 2528 furorem
1492 2491 1536 2527 et
1554 2490 1734 2540 propter

220 2546 460 2594 civitatem,
492 2560 589 2600 quae
626 2549 759 2589 istum
794 2548 914 2588 alat?
954 2545 1095 2599 AEque
1135 2546 1324 2586 absurda
1364 2549 1408 2586 et
1443 2544 1735 2598 repugnantia

221 2608 323 2645 sunt
357 2602 482 2645 Iliad.
515 2607 570 2646 A.
599 2604 691 2646 149.
728 2609 772 2645 et
805 2603 958 2659 Odyss.
995 2605 1026 2645 l.
1060 2605 1087 2644 l.
1148 2603 1187 2658 c)
1217 2601 1267 2643 In
1296 2603 1457 2643 talibus
1487 2602 1732 2642 scholiastae

221 2665 386 2703 veteres
417 2663 526 2703 nihil
558 2663 611 2703 de
648 2662 728 2704 hac
767 2662 1023 2704 difficultate
1055 2664 1249 2708 monent,
1283 2660 1447 2714 quippe
1480 2672 1580 2700 cum
1613 2659 1734 2700 nulla

222 2719 292 2760 sit.
354 2719 428 2760 Sic
460 2720 507 2760 in
539 2718 691 2791 Eurip.
725 2718 875 2761 Phoen.
906 2720 985 2760 l.1.
1018 2721 1190 2760 tantum
1225 2718 1305 2758 hoc
1339 2716 1606 2770 adscriptum
1636 2719 1728 2756 est:

221 2776 319 2823 οἶμαι
351 2776 426 2825 ἐγὼ
455 2776 558 2818 ἕνεκα
579 2795 615 2818 τ.
650 2779 715 2826 ἐμ.
737 2781 875 2818 κακῶν.
933 2776 993 2817 At
1026 2777 1165 2818 levius
1195 2779 1292 2816 erat
1324 2774 1516 2815 indicare
1547 2772 1730 2826 genitivi

220 2847 414 2876 causam.
491 2834 588 2876 Hoc
621 2836 769 2889 potius
794 2834 1043 2901 ’docendum
1078 2837 1188 2881 erat,
1219 2832 1431 2885 quomodo
1464 2830 1636 2871 dativus
1666 2828 1734 2882 μοῖ

220 2905 321 2934 cum
366 2892 639 2934 nominativo
673 2892 747 2941 ἐγὼ
789 2892 837 2932 in
885 2892 1036 2933 eadem
1081 2890 1384 2932 enuntiatione
1426 2891 1543 2929 stare
1580 2887 1732 2941 possit.

221 2948 350 2996 Nunc
373 2949 477 2999 οἶμοι
510 2951 772 3006 simpliciter
808 2950 982 3005 repetit,
1023 2950 1150 3003 quasi
1189 2948 1309 2992 nulla
1344 2945 1451 2989 insit
1484 2943 1731 2989 difficultas.
