1838 3164
166 128 222 174 60
590 134 907 174 PLEONASMI
937 136 1263 176 VERBORUM.

165 255 212 298 p.
242 244 334 288 128.
366 245 471 289 Alia·
485 248 687 302 exempla
701 262 726 290 e
746 247 940 292 Fischeri
961 248 1195 292 Animadv.
1216 247 1273 291 ad
1293 246 1425 291 Well.
1451 248 1530 291 Gr.
1552 250 1618 305 iii.
1639 250 1681 292 b.

163 313 211 354 p.
236 302 309 345 39.
331 307 377 346 et
396 305 574 347 aliunde
593 306 723 348 facile
744 311 885 362 petes.
931 307 1135 349 Ceterum
1154 307 1412 354 modestiam
1434 306 1680 349 Atticorum

165 358 248 401 hoc
267 361 313 403 in
333 363 455 404 verbi
474 376 556 405 usu
575 365 763 417 probare
784 377 871 407 non
891 378 1087 422 possum,
1107 366 1211 418 quia
1230 378 1315 406 non
1335 366 1489 420 paucis
1508 366 1555 407 in
1574 365 1681 408 loeis

163 417 421 474 ambiguam
444 420 556 463 facit
575 422 834 464 orationem.

781 521 1127 565 ΔΥΝΑΣΘΑΙ.
1172 493 1173 496 “

225 595 261 638 1.
293 594 406 639 Cum
427 596 508 641 hoc
526 598 706 654 proprie
738 598 798 640 sit
822 597 934 640 vires
964 598 1172 655 quasdam
1191 600 1282 641 sive
1301 596 1564 657 facultatem
1599 597 1682 640 ah·-

163 665 292 708 quam
338 653 504 706 habere,
548 669 637 697 non
676 656 836 698 mirum
872 661 938 697 est
977 656 1080 698 inde
1120 658 1421 711 pleonasmum
1458 657 1682 699 exsistere.

163 709 284 753 Nam
314 714 370 754 ad
399 726 756 767 unamquamque
788 727 881 755 rem
911 714 1180 756 efficiendam
1208 715 1322 758 vires
1349 714 1549 768 quaedam
1579 718 1683 758 sunt

159 770 431 813 necessariae.
510 769 742 813 Fischerus
782 772 812 812 l.
844 772 874 813 l.
913 784 959 826 p.
1001 770 1073 813 40.
1102 775 1244 814 utitur
1275 774 1368 814 solo
1399 773 1494 814 loco
1522 770 1679 814 Timaei

162 824 287 868 Locr.
318 841 364 883 p.
400 843 459 871 m.
493 827 595 870 559.
627 843 662 870 S.
691 827 751 870 Τὸ
779 830 850 877 μὲν
881 829 928 870 ὧν
958 829 1090 870 λευκὸν
1125 829 1294 885 διακρίνει
1325 830 1394 871 τᾶν
1425 829 1532 878 ῧψιν,
1568 828 1614 870 τὸ
1644 829 1683 872 δὲ

160 886 287 931 μέλαν
307 888 507 942 συγκρίνει,
538 887 707 942 ὅκωσπερ
727 886 772 926 τὸ
802 885 940 942 θερμὸν
973 886 1108 940 διαχεῖ
1137 888 1208 928 τάν
1243 888 1358 941 ἇφάν,
1392 887 1436 927 τὸ
1457 887 1495 928 δὲ
1523 886 1684 943 ψυχρὸν

160 943 330 991 συνάγειν
349 942 519 984 δύναται.
581 943 684 985 Non
714 945 947 986 obscurum
975 950 1060 992 est,
1090 950 1360 1000 postremum
1380 944 1535 984 δύναται
1564 943 1680 987 ider·-

160 1011 258 1040 esse
287 1001 406 1053 quod
434 1002 599 1054 πέφυκε,
623 1000 848 1058 physicam
877 1002 985 1044 lianc
1013 1001 1101 1044 vim
1130 1002 1268 1045 habet.
1330 1001 1551 1043 Potuisset
1580 1013 1682 1044 auc-

160 1058 230 1097 tor
258 1070 339 1111 pro
371 1060 504 1107 σύνάνγ.
543 1057 617 1100 δύν.
653 1060 802 1101 eodem
837 1073 964 1101 sensu
1000 1060 1144 1102 dicere
1177 1062 1340 1110 συνάγει,
1371 1061 1486 1101 sicut
1514 1062 1560 1100 et
1580 1064 1683 1102 ante

161 1112 312 1167 διαχεῖν
333 1114 487 1156 δυ’ναται
506 1129 588 1170 pro
609 1115 754 1170 διαχεῖ.
816 1116 1014 1159 Pertinet
1049 1119 1133 1159 huc
1166 1117 1364 1160 Platonis
1385 1117 1494 1159 illud
1513 1130 1537 1160 e
1559 1115 1680 1159 Phae-

160 1172 273 1212 done
292 1171 395 1226 (sub
413 1172 622 1220 βούλεσθαι
643 1173 688 1216 S.
709 1175 770 1230 2)
801 1179 843 1216 οὐ
878 1175 1033 1216 δύναται
1066 1180 1229 1218 τοιοῦτον
1260 1174 1362 1218 εἶναι.
1423 1174 1525 1216 Non
1547 1175 1682 1217 habet

162 1231 331 1282 species
353 1243 426 1271 eas
445 1232 578 1279 vires,
608 1236 659 1273 ut
692 1233 1026 1275 similitudinem
1059 1234 1239 1275 alterius
1261 1237 1535 1287 assequatur.
1596 1231 1683 1275 Sed

161 1287 330 1339 ingenii
347 1289 462 1330 vires
478 1289 777 1342 intelligendae
800 1292 843 1331 in
865 1291 1137 1345 pleonasmo,
1158 1292 1234 1344 qui
1258 1292 1407 1333 haberi
1431 1293 1595 1346 potest,
1611 1303 1682 1346 ap.

158 1341 398 1386 Isocratem
420 1345 580 1400 Areop.
602 1360 647 1401 p.
670 1360 728 1388 m.
750 1346 849 1389 354.
881 1348 944 1394 καὶ
965 1347 1051 1389 τοὺς
1071 1352 1326 1404 εὐτραπέλους
1356 1349 1394 1389 δὲ
1414 1348 1478 1388 καὶ
1500 1349 1683 1389 σκώπτειν

161 1400 402 1450 δυναμένους,
422 1403 484 1444 οὓς
498 1408 557 1445 νῦν
578 1408 724 1457 εὐφυεῖς
742 1409 1090 1460 προσαγορεύουσιν,
1113 1408 1237 1447 ἐκεῖνοι
1267 1405 1473 1458 δυστυχεῖς
1500 1405 1678 1459 ἐνόμιζον.

160 1456 212 1499 In
237 1459 305 1500 his
324 1473 406 1514 pro
427 1477 485 1500 σκ.
504 1459 580 1502 δυν.
598 1475 692 1503 esse
711 1467 860 1517 posset
881 1465 1142 1504 σκώπτοντας.
1203 1462 1288 1504 Sed
1305 1466 1453 1504 tamen
1472 1463 1593 1504 locus
1614 1465 1681 1504 est

159 1516 307 1558 minus
328 1521 475 1572 aptus.

220 1573 260 1615 2.
293 1574 378 1616 Sed
412 1576 729 1618 usitatissimus
767 1583 834 1620 est
873 1579 1169 1633 pleonasmus,
1212 1591 1300 1631 quo
1343 1575 1524 1618 δύνασθαι
1558 1589 1683 1619 usur-

159 1636 270 1684 pant
291 1637 341 1674 ut
360 1641 527 1687 τολμᾷν,
560 1634 614 1675 de
634 1647 721 1687 quo
741 1637 873 1676 verbo
902 1637 1031 1677 infra.
1091 1634 1219 1676 Vires
1241 1648 1396 1690 nempe
1417 1635 1605 1675 morales
1626 1640 1682 1691 τῷ

160 1687 343 1730 δύνασθαι
378 1690 695 1744 significantur,
724 1697 775 1733 ut
795 1693 876 1734 hoc
896 1694 953 1734 sit
978 1692 1099 1735 salva
1112 1691 1349 1748 prudentia
1369 1698 1446 1734 aut
1465 1690 1683 1734 honestate

153 1758 295 1800 posse.
356 1745 523 1800 Evang.
545 1747 646 1790 Joh.
669 1750 746 1790 vii.
768 1749 807 1790 7.
839 1753 881 1791 οὐ
915 1750 1070 1791 δύναται
1102 1752 1119 1789 ὅ
1152 1751 1291 1799 κόσμος
1320 1752 1440 1798 μισεῖν
1472 1751 1588 1797 ὑμᾶς·
1612 1749 1682 1799 ἐμὲ

159 1802 201 1844 δὲ
219 1807 336 1851 μισεῖ.
395 1804 482 1846 Sed
502 1806 623 1848 locus
641 1807 718 1848 xii.
750 1806 822 1849 39.
861 1812 929 1849 est
964 1809 1214 1860 ambiguus.
1275 1807 1393 1849 Nam
1413 1810 1481 1848 οὐκ
1509 1806 1684 1848 ἐδύναντο

158 1865 348 1903 πιστεύειν
382 1865 608 1905 commode
653 1866 716 1906 sic
748 1866 967 1919 explices:
1002 1871 1108 1907 certe
1130 1865 1338 1922 futurum
1371 1870 1478 1913 erat,
1508 1870 1558 1906 ut
1585 1877 1682 1906 eum

161 1931 248 1960 non
268 1927 478 1970 curarent,
510 1923 601 1963 sive
621 1921 728 1976 fieri
745 1936 831 1964 ‘non
845 1929 1035 1980 poterat,
1067 1929 1115 1964 ut
1143 1922 1186 1964 ei
1218 1938 1264 1965 se
1289 1922 1502 1965 dederent.
1564 1921 1681 1964 Nam

160 1989 217 2016 ex
237 1982 383 2019 mente
404 1980 598 2020 auctoris
615 1980 657 2020 id
679 1982 928 2023 necessario
949 1985 1206 2022 eventurum
1222 1985 1331 2029 erat,
1344 1982 1447 2034 quia
1469 1980 1682 2035 praedixe-

158 2038 230 2075 rat
264 2037 492 2090 propheta.
565 2037 814 2079 Secundum
845 2038 1039 2080 Fischeri
1071 2040 1203 2080 verba
1237 2038 1266 2081 1.
1293 2040 1320 2080 l.
1358 2052 1402 2094 p.
1424 2037 1496 2080 40.
1529 2038 1682 2080 credat

158 2092 278 2144 quis,
315 2091 585 2135 Palairetum
620 2096 676 2136 ad
707 2094 846 2137 Mare.
870 2097 915 2138 ii.
945 2095 1008 2137 19.
1039 2101 1083 2137 et
1106 2095 1338 2138 Krebsium
1370 2097 1426 2137 ad
1456 2097 1680 2137 decretum

158 2147 322 2191 Athen.
357 2164 437 2206 pro
477 2149 683 2205 Hyrcano
720 2167 763 2207 p.
798 2153 895 2195 407.
930 2155 1082 2196 multis
1126 2156 1340 2209 exemplis
1386 2155 1511 2194 illum
1549 2165 1679 2194 usum

157 2208 458 2251 confirmasse.
519 2209 606 2251 Sed
633 2210 917 2260 Palairetum‚
947 2226 1079 2265 quem
1111 2225 1193 2265 ego
1223 2212 1452 2254 consulere
1484 2224 1571 2252 non
1601 2223 1680 2265 po-

158 2264 238 2315 tui,
285 2265 495 2308 Krebsius
532 2274 652 2309 certe
691 2282 776 2309 non
819 2271 1028 2322 neglexit.
1087 2267 1186 2323 Ipse
1217 2273 1363 2311 autem
1394 2272 1552 2322 praeter
1581 2268 1679 2309 loca

152 2322 249 2374 jam
281 2324 475 2366 indicata
505 2325 636 2367 habet
666 2339 804 2368 unum
825 2331 899 2368 τῶν
921 2329 954 2375 ό,
988 2327 1150 2368 Genes.
1171 2328 1286 2368 xliii.
1310 2326 1385 2373 232.
1407 2326 1484 2379 qui
1505 2326 1679 2367 alienus

158 2384 243 2427 est,
275 2385 320 2422 et
340 2382 528 2423 alterum
559 2397 584 2424 e
613 2383 827 2438 Josepho,
851 2384 1065 2426 Archaeol.
1090 2385 1163 2425 vii.
1185 2384 1229 2426 8.
1254 2383 1314 2424 ‘O
1337 2383 1392 2431 δὲ,
1414 2383 1680 2439 στρατήγημα

158 2436 423 2487 τοῦτ’,εἷπεν,
453 2440 569 2495 εὗρον,
591 2445 749 2490 ἀγαγεῖν
771 2460 809 2482 σε
841 2442 937 2498 πρὸς
967 2443 1090 2490 ἡμᾶς,
1125 2442 1322 2490 δυνάμενον
1353 2444 1586 2490 ἀμελοῦντα
1604 2445 1679 2496 τῶν

158 2493 334 2543 ἐντολῶν,
366 2495 427 2544 ἃς,
458 2498 515 2538 ἵνα
536 2515 600 2546 μοι
626 2498 689 2540 τὸν
723 2501 874 2554 πατέρα
890 2499 1119 2548 διαλλάξῃς,
1152 2501 1369 2548 ἐποιούμην.
1422 2497 1601 2540 Statuit
1618 2498 1680 2551 ig.

158 2549 386 2601 Krebsius,
408 2554 452 2595 in
475 2554 671 2604 δυνάμενον
692 2570 784 2598 esse
813 2558 1135 2611 pleonasmum‚
1157 2557 1275 2609 quod
1295 2560 1339 2598 et
1359 2555 1579 2597 ante'sine
1598 2555 1674 2597 tali

156 2611 288 2663 verbo
317 2612 548 2654 antecedat
594 2611 962 2661 Κατάμελῆσαντος
995 2614 1033 2655 δὲ
1061 2613 1249 2661 Ἰωάβου.
1324 2613 1411 2654 Sed
1440 2614 1575 2655 verba
1603 2613 1676 2654 vix

156 2679 265 2709 sana
285 2673 400 2710 sunt.
462 2669 663 2711 Debebat
692 2677 809 2712 certe
837 2686 930 2713 esse
965 2671 1162 2721 δυνάμενον
1193 2673 1404 2719 α’μελῆσαι,
1442 2668 1519 2727 qui
1547 2667 1677 2712 susti-

156 2724 302 2768 nueris
331 2725 562 2782 negligere.
592 2726 642 2768 F.
664 2730 827 2771 excidit
846 2731 1024 2770 verbum
1054 2735 1157 2784 post
1177 2728 1391 2777 δυνάμενον,
1423 2733 1473 2769 ut
1492 2726 1676 2782 χαρίζεσ-

157 2780 240 2824 θαι.
301 2781 502 2836 Denique
539 2799 592 2826 ne
629 2786 700 2826 hic
731 2787 910 2840 quidem
944 2788 1060 2828 locus
1093 2791 1161 2828 est
1182 2787 1450 2827 commodus.
1511 2783 1675 2825 Melior

157 2844 240 2888 est,
269 2854 359 2895 quo
381 2841 564 2884 Koenius
583 2844 724 2885 utitur
749 2844 805 2884 ad
828 2843 1110 2898 Gregorium,
1143 2842 1274 2885 Hom.
1307 2842 1460 2897 Odyss.
1489 2840 1546 2882 N.
1567 2842 1670 2884 331.

155 2895 224 2954 Τῷ
259 2916 297 2940 σε
328 2899 391 2940 καὶ
425 2905 468 2941 οἱ]
503 2899 666 2948 δύναμαι
698 2906 896 2956 προλιπεῖν
918 2902 1094 2944 δύστηνον
1124 2903 1250 2949 ἐόντα,
1279 2901 1394 2942 unde
1414 2912 1671 2954 expressum

155 2968 251 2998 esse
272 2961 401 3013 putat
422 2970 449 2999 a
469 2956 659 3012 Virgilio
681 2957 780 3002 AEn.
806 2959 850 3003 ii.
875 2959 973 3002 657.
1005 2957 1138 3002 Mene
1171 2958 1319 3016 efferre
1347 2956 1516 3016 pedem,
1548 2955 1672 3014 geni·
