1838 3164
569 153 634 196 IN
661 152 866 202 GRAEGA,
889 152 1114 199 LINGUA.
1518 152 1595 197 179

97 263 145 320 in
165 263 416 314 Graecorum
446 279 689 320 sermonem
726 270 956 327 paullatim
992 267 1251 317 insinuavit,
1279 272 1330 311 ut
1366 281 1493 312 nemo
1522 268 1596 310 de-

97 323 214 379 inde,
236 325 306 370 his
323 326 525 379 formulis
542 332 686 382 utens,
707 329 820 373 unde
841 332 946 375 ortae
964 331 1124 380 essent,
1161 327 1388 380 cogitaret.
1450 325 1597 375 Quare

96 383 213 432 ¹'fiete
233 384 417 434 faciunt,
438 385 514 439 qui
536 385 663 440 ἀκμὴν
683 399 813 442 quum
830 385 1026 438 maz-ime,
1057 390 1101 427 et
1122 382 1249 439 ἀρχὴν
1268 383 1439 427 omnino
1460 385 1597 438 signi-

95 437 223 491 fieare
242 442 408 492 dicunt,
430 443 558 490 modo
571 456 623 485 ne
644 443 970 498 obliviscantur,
991 440 1028 492 si
1048 456 1157 500 opus
1174 447 1254 496 est,
1273 456 1419 492 veram
1441 443 1598 487 harum

93 496 399 552 loquutionum
418 502 631 556 originem
652 501 860 546 indicare.

150 553 300 606 Unam
331 560 472 604 adhuc
505 560 688 600 classem
722 559 1019 615 exemplorum
1052 559 1348 608 consectabor,
1393 559 1510 617 quod
1545 570 1600 599 ea

92 614 239 668 paullo
259 615 430 663 videtur
460 616 711 672 impeditior
731 631 852 663 esse:
888 618 976 662 haec
995 617 1109 665 dico,
1141 618 1187 663 in
1206 617 1366 671 quibus
1393 615 1424 662 ὃ,
1460 614 1502 663 ἃ,
1535 614 1597 668 τὸ,

93 676 237 721 ταῦτα,
256 686 336 728 pro
355 674 396 726 δί
427 673 459 723 ὃ,
493 673 535 715 δι’
574 673 616 723 ἃ,
650 673 710 715 διαὶ
748 680 876 723 τοῦτο,
908 675 968 716 διαὶ
1002 679 1146 722 ταῦτα,
1177 678 1222 721 et
1243 675 1446 720 Similiter
1466 674 1599 716 etiam

94 724 206 788 ἅπερ,
225 727 312 786 ὅτι,
333 730 478 787 οἷάπερ,
508 730 568 776 οἷαί
589 749 629 773 τε
652 733 737 775 dici
759 736 946 787 putant:
978 745 1019 773 V.
1053 746 1097 786 p.
1127 731 1224 781 421,
1257 731 1356 777 422.
1414 729 1471 772 Et
1495 743 1600 771 sane

91 787 353 844 pronomina
383 789 471 831 ista
503 790 758 843 plerumque
791 789 1097 834 adverbiorum
1129 790 1222 834 loco
1243 794 1361 837 sunt,
1391 789 1467 829 sed
1484 800 1600 840 quae-

92 844 224 901 renti,
256 846 472 901 quomodo
505 848 586 888 hoc
622 848 789 890 factum
826 848 896 898 sit,
926 860 1012 888 non
1047 847 1231 901 ellipsis,
1270 859 1422 891 verum
1459 846 1599 886 multo

91 900 264 954 plenior
283 904 397 947 ratio
418 917 513 946 sese
533 903 697 947 offeret.
729 903 863 950 Initio
883 906 1000 947 enim
1021 905 1111 947 haec
1130 918 1186 959 qu
1247 917 1301 944 ue
1320 903 1598 957 pronomina,

90 959 157 1005 uti
178 958 412 1013 debebant,
444 974 543 1006 cum
579 964 710 1018 verbo
744 963 1135 1006 construebantur:
1169 965 1218 1003 ut
1262 961 1366 1005 liad.
1410 957 1464 1000 Γ.
1503 958 1598 1000 176.

89 1013 227 1063 Ἀλλὰ
248 1018 334 1067 ‘73¹7'
357 1021 422 1060 οὐκ
443 1020 620 1068 ἐγένοντο·
654 1019 698 1062 τὸ
718 1019 782 1060 καῖ
802 1020 986 1061 κλαίουσα
1009 1022 1170 1062 τέτηκα·
1191 1019 1234 1059 id
1256 1022 1336 1068 est,
1359 1030 1485 1074 quam
1518 1030 1600 1072 ego

90 1085 177 1121 rem
217 1072 375 1131 deflens
412 1075 668 1123 contabesco.
727 1075 960 1130 Euripides
1001 1077 1046 1117 in
1086 1074 1239 1122 Phoen.
1269 1074 1368 1117 268.
1426 1072 1493 1115 To?
1529 1075 1599 1123 μὲν
1615 1074 1694 1118 170

90 1139 206 1175 πυλω
231 1135 278 1175 ὧν
297 1131 460 1189 κλεῖθρά
479 1136 522 1182 μ’
545 1132 739 1184 ἐξεδέξατο
759 1133 827 1175 Δι’
852 1135 1061 1186 εὐπετείας,
1083 1136 1241 1187 τειχέων
1262 1134 1333 1177 ἔσω
1354 1135 1497 1182 μολεῖν·
1533 1129 1597 1172 txO

90 1187 154 1228 καὶ
175 1187 213 1230 δέ
237 1207 334 1241 ome,
353 1190 424 1239 μή.
435 1208 486 1238 με
507 1190 662 1234 δικτύων
677 1192 748 1232 ’έσω
765 1191 979 1240 Λαβόντες,
1001 1194 1043 1232 οὐ
1058 1190 1202 1239 nas-⁶5&
1226 1191 1459 1238 ἀναίμακτον
1476 1190 1596 1245 χρόα.

89 1242 137 1288 Id
158 1251 240 1296 est,
273 1245 386 1304 quod
403 1261 485 1304 ego
503 1255 658 1298 metuo,
691 1250 822 1303 idque
857 1250 951 1302 jam
984 1250 1247 1303 explicatur,
1279 1248 1407 1301 quale
1427 1248 1500 1302 sit,
1535 1260 1600 1288 se-

57 1306 59 1308 ’
88 1305 322 1356 quentibus
343 1306 497 1351 verbis.
548 1305 814 1360 Hujusmodi
834 1307 972 1359 igitur
985 1307 1357 1351 constructionum
1375 1305 1598 1359 frequenti

89 1373 172 1405 usu
210 1362 303 1407 fieri
340 1376 427 1405 non
465 1366 622 1419 potuit,
651 1365 758 1416 quin
786 1377 1027 1421 pronomen
1068 1364 1325 1419 simpliciter
1366 1374 1495 1418 quare
1528 1363 1597 1403 vel

83 1425 310 1475 propterea
328 1421 570 1476 significare
590 1422 819 1477 inciperet.
856 1419 974 1464 Hinc
995 1421 1129 1464 etiam
1147 1421 1208 1463 ibi
1226 1420 1430 1474 usurpari
1452 1420 1601 1475 coepit,

87 1475 163 1530 ubi
179 1478 483 1523 verbumcum
506 1492 557 1519 eo
578 1491 664 1521 non
683 1481 831 1532 posset
849 1478 1041 1522 construi
1061 1491 1070 1518 ε
1093 1482 1142 1520 ut
1160 1477 1278 1531 apud
1298 1475 1598 1526 Theocritum,

89 1534 178 1579 Σίν.
198 1533 240 1576 3.
272 1532 400 1577 Ταῦτ’
432 1533 505 1590 ἄρα
535 1534 692 1584 λεπτὸς,
725 1534 799 1580 Χῶ
830 1534 988 1585 μάσταξ
1019 1533 1144 1576 πολὺς
1180 1534 1302 1586 οὗτος,
1324 1535 1527 1581 ἀϋστᾳλέοι
1555 1550 1598 1573 τε

90 1592 248 1643 niumm,
268 1592 314 1634 in
343 1604 427 1644 quo
448 1593 543 1638 loco
575 1595 778 1636 ἁϋσταλέοι
798 1593 1075 1636 scribendum
1095 1592 1207 1635 vidit
1226 1592 1415 1645 egregiae
1438 1591 1599 1639 indolis

84 1648 276 1700 juvenis,
298 1647 524 1702 Augustus
545 1647 844 1699 Ferdinandus
867 1649 1066 1691 Naekius.

147 1703 383 1755 Caeterum,
425 1707 541 1760 quod
568 1707 614 1748 in
648 1707 747 1749 aliis
768 1707 990 1764 ellipsium
1023 1706 1254 1760 generibus
1282 1706 1448 1751 factum
1488 1705 1600 1747 vidi-

89 1776 203 1811 mus,
226 1767 276 1805 ut
294 1765 428 1807 etiam
447 1765 579 1807 alieni
601 1764 668 1808 vel
703 1765 898 1817 corrupti
919 1765 1003 1805 loci
1036 1763 1091 1807 ad
1112 1776 1186 1807 eas
1205 1764 1379 1821 ellipses
1416 1761 1601 1807 tuendas

87 1821 415 1874 adhiberentur,
450 1821 496 1862 id
527 1821 574 1861 in
610 1821 691 1863 hoc
723 1835 898 1877 quoque
918 1834 1077 1874 genere
1108 1821 1274 1862 factum
1305 1825 1383 1866 est,
1444 1817 1599 1865 Unum

89 1892 142 1921 ex
162 1879 229 1926 his
248 1878 368 1927 locis,
404 1879 479 1933 qui
516 1878 743 1932 Sophoclis
762 1884 829 1920 est
864 1880 909 1920 in
932 1877 1190 1929 Philocteta,
1223 1890 1266 1931 p.
1305 1875 1405 1922 444.
1433 1890 1457 1918 e
1481 1878 1598 1924 mala

83 1934 285 1989 ,Triclinii
319 1936 621 1980 emendatione
656 1937 856 1984 allatum,
881 1935 975 1990 jam
1015 1948 1146 1990 supra
1181 1935 1483 1989 explicuimus.
1543 1932 1597 1978 In

90 1992 314 2048 Euripidis
337 1991 481 2048 Iphig.
502 1994 602 2038 Aul.
624 1992 723 2035 235.
747 2008 791 2050 p.
813 1991 913 2034 448.
950 1991 1033 2036 Καὶ
1048 1995 1157 2048 κέρας
1176 1994 1245 2040 μὲν
1266 1991 1308 2037 ἦν
1333 1990 1471 2041 Δεξιὸν
1485 1993 1595 2032 πλωί-

89 2068 160 2092 τας
180 2051 283 2104 ἔχων
304 2049 504 2098 Φθιώτας,
527 2053 544 2092 ὃ
564 2049 816 2106 Μυρμιδόνων
836 2049 980 2106 ἸΑρης,
1002 2049 1249 2102 MuSgravii
1272 2050 1593 2114 interpretatio,

89 2110 252 2153 πλάτας
271 2122 349 2163 pro
378 2109 628 2151 accusativo
665 2109 884 2156 habentis,
919 2108 1058 2149 multo
1088 2107 1490 2164 certe‚imped1tior
1510 2111 1592 2155 est,

88 2179 223 2220 quum
243 2167 446 2214 aliorum,
478 2168 554 2221 qui
587 2167 750 2209 πλάτας
774 2167 1017 2220 genitivum
1051 2178 1145 2207 esse
1167 2169 1342 2218 putant.
1403 2162 1523 2210 Quos
1555 2165 1683 2210 sil7l

88 2226 299 2278 sequutus
332 2228 459 2274 esset,
491 2223 794 2278 Musgravius‚
831 2237 969 2279 neque
1009 2223 1053 2263 in
1090 2221 1286 2276 Supplic.
1335 2219 1431 2262 659.
1480 2220 1593 2271 δεξιὸν

68 2284 343 2333 ,τετιγμένους
377 2284 501 2337 κέρας,
533 2294 673 2335 neque
709 2283 754 2322 in
788 2279 1005 2324 Heraclid.
1040 2278 1135 2322 672.
1166 2278 1269 2323 mbr
1301 2278 1452 2322 ἕστηκεν
1484 2281 1594 2334 κέρας

83 2351 165 2392 Ρθι·
183 2339 361 2393 ellipsin
395 2339 716 2397 praepositionis
736 2340 1030 2394 explicuisset,
1061 2337 1135 2380 sed
1171 2337 1303 2380 verba
1335 2338 1593 2385 τεταγμένους

84 2400 128 2442 et
162 2395 314 2439 ἕστηκεν
348 2410 429 2451 pro
468 2397 657 2451 simplici
677 2398 808 2439 verbo
841 2397 943 2451 ’ἐχειν
978 2395 1157 2440 vidisset
1189 2395 1337 2448 posita
1368 2407 1474 2437 esse.
1522 2392 1591 2437 Si·-

84 2453 219 2501 milis‚
249 2454 323 2497 sed
359 2455 679 2506 quodammodo
714 2459 859 2496 tamen
886 2455 1059 2496 diversa
1085 2453 1348 2513 permutatio
1370 2452 1416 2497 in
1453 2449 1590 2492 Rhesi

84 2511 176 2553 loco
197 2514 264 2553 est
282 2524 411 2564 quem
440 2512 661 2564 adjungit,
683 2526 721 2554 V.
755 2511 853 2554 486.
911 2509 1031 2551 Ἀλλ’
1063 2511 1136 2551 εἴτε
1157 2509 1276 2557 λαιὸν,
1300 2508 1373 2549 εἴτε
1396 2506 1508 2557 δεξιὸν
1529 2509 1590 2553 κέ-

84 2585 166 2621 ρας,
198 2566 286 2608 Ei?
328 2570 362 2609 ἐν
392 2571 533 2617 μέσοισι
563 2570 804 2623 συμμάχοις,
835 2569 1001 2623 πάρεστι’
1042 2585 1093 2609 σοι
1137 2566 1300 2609 Πέλτην
1346 2568 1478 2621 ἐρεῖσαι
1525 2564 1590 2606 καῖ

81 2627 322 2675 καταστῆσαι
343 2626 534 2681 στρατὸν,
566 2627 642 2668 ubi
676 2631 807 2681 poeta
841 2639 977 2679 quum
1013 2626 1114 2679 ’ἔχειν
1149 2625 1216 2670 Vel
1238 2624 1381 2667 simile
1400 2623 1507 2682 quid
1540 2623 1589 2667 in

87 2686 229 2730 mente
250 2683 490 2735 habuisset,
519 2697 620 2726 mox
641 2688 783 2726 mutat
802 2685 1178 2734 constructionem.
1240 2681 1397 2735 Neque
1426 2680 1587 2722 Sohae-

87 2739 207 2783 ferus
239 2753 283 2794 p.
318 2739 415 2783 426.
475 2740 704 2795 Sophoclis
740 2743 872 2784 verba
903 2742 948 2783 in
980 2740 1112 2794 AJace
1132 2755 1173 2782 v.
1195 2737 1294 2781 516.
1328 2738 1483 2785 afferre
1513 2739 1586 2778 de-

86 2796 243 2843 bebat:
270 2797 330 2840 ‘H
350 2802 463 2854 μοῖρα
484 2798 546 2839 τὸν
564 2801 739 2852 φύσαντά
771 2817 822 2848 με
846 2797 1042 2841 Koa-&siler
1066 2797 1155 2853 ᾅδου
1185 2795 1419 2844 θανασίμους
1437 2796 1586 2839 οἰκήτο-

84 2870 168 2908 pas,
199 2857 413 2907 quomodo
443 2869 520 2897 nec
558 2857 765 2909 loquutus
802 2858 1032 2910 quisquam
1070 2859 1137 2896 est
1170 2867 1392 2907 umquam,
1429 2853 1586 2899 nele-

85 2911 162 2963 qui
191 2914 347 2965 potuit.
407 2912 649 2967 Corruptus
680 2919 746 2957 est
775 2916 859 2957 iste
891 2915 1033 2958 locus:
1068 2913 1142 2954 sed
1179 2913 1259 2958 hoc
1293 2916 1490 2967 apertum
1507 2913 1587 2961 est,

83 2968 219 3018 'Verba
253 2967 489 3025 θανασίμους
507 2972 719 3030 οἰκήτορας,
749 2977 799 3020 ut
827 2972 933 3027 alibi
962 2972 1315 3054 docuimus‚*per
1333 2968 1586 3067 2appositio-

1273 3040 1303 3068 N
1652 3047 1658 3072 ι
