1838 3164
658 206 1132 254 mearam-mors,
1559 194 1651 246 406

127 310 395 362 memineris,
416 325 502 355 non
523 313 685 355 senties
704 311 896 367 leporem
911 314 958 354 et
989 311 1128 361 salem
1159 309 1389 368 poematii.
1418 309 1648 368 Senum]

134 367 154 410 l
175 367 375 412 Corinth.
398 371 463 412 vi.·
480 370 551 414 13.
605 368 673 412 Ta}
693 372 888 426 βρώματα
917 373 970 425 τῇ
989 371 1131 423 κοιλίᾳ,
1163 370 1227 412 καὶ
1244 371 1270 414 ἧ
1298 371 1424 412 κοιλία
1443 373 1522 411 τοῖς
1539 372 1642 424 βρῶ-

128 427 346 474 mom—arb
367 427 406 470 δὲ
425 432 539 476 σῶμα
552 429 595 469 οὔ
614 432 667 484 τῇ
685 429 853 483 πορνείᾳ.
883 426 986 468 Joh.
1007 426 1180 469 xxi.22.
1198 425 1255 469 Ti
1268 428 1365 484 πρὸς
1385 445 1438 478 με
1456 441 1467 474 ;
1501 426 1642 470 Hebr.

126 484 158 526 i.
178 483 222 526 7.
254 482 339 526 Καὶ
357 485 454 541 πρὸς
471 485 542 535 μὲν
558 483 645 526 τοὺς
664 487 867 534 ἀγγέλους.
897 485 1040 539 suppl.
1074 485 1153 527 ὅσον
1179 484 1276 541 πρὸς
1304 485 1376 533 μὲν
1407 483 1496 526 τοὺς
1521 486 1643 534 α’γγὲ·

124 549 217 582 λους
249 543 447 596 προσήκει,
492 543 557 584 uti
588 542 751 583 dudum
779 543 960 584 *monuit
994 540 1286 585 Camerarius.
1360 540 1642 596 Quamquam

125 599 244 641 enim
265 600 407 642 Graeci
438 599 591 642 dicunt
608 613 619 641 :
649 599 747 656 πρὸς
763 600 836 648 μὲν
854 599 942 642 τοὺς
965 601 1144 656 ῥήτορας,
1174 600 1274 656 πρὸς
1290 599 1362 650 μὲν
1380 598 1468 642 τοὺς
1487 600 1640 654 φιλοσό-

122 665 230 710 φους,
259 661 311 698 ut
329 655 515 699 Wolfius
545 658 601 699 ad
634 657 744 699 h.·1.
779 657 931 700 docet:
962 670 1084 710 aeque
1116 662 1263 700 tamen
1295 659 1363 699 hae
1393 658 1642 701 locutiones

86 716 89 718 ’
123 713 330 768 ellipticae
348 714 567 762 videntur,
599 715 664 757 ita
694 715 977 770 supplendae:
1011 716 1090 758 ὅσον
1122 716 1220 772 πρὸς
1248 716 1320 764 μὲν
1351 714 1441 757 τοὺς
1459 714 1642 771 primns,

121 775 206 827 cet3
225 772 421 827 προσήκει.
482 772 686 827 Polybius
720 778 751 815 t.
774 774 823 814 ii.
844 775 907 828 p.1'
925 772 1048 816 1394.
1101 773 1185 815 Ὠς
1202 777 1345 822 ’γονεῦσι
1378 772 1477 829 πρὸς
1505 774 1637 817 τέκνα.

123 826 253 874 Conf.
284 828 448 872 Auctor
483 836 631 872 noster
666 832 712 873 in
733 843 774 872 v.
807 834 933 879 μέλει.
993 828 1248 873 Imitatione
1286 829 1539 873 Graecorum
1573 831 1642 873 ita

121 897 237 942 saepe
255 884 446 930 Romani
481 901 653 941 quoque
687 889 922 942 scriptores
956 889 1207 943 loquuntur.
1267 887 1342 932 Sic
1371 886 1529 930 Florus
1555 888 1640 930 lib.·

120 944 188 986 iii.
202 959 242 987 c.
261 959 305 987 x.
327 945 366 1000 ξ.
394 945 459 987 ll.
507 944 628 994 Quid
658 946 717 989 ad
747 945 887 995 illum,
981 945 1031 988 z‘d
1063 953 1167 1004 agat
1199 952 1343 989 nostra
1375 943 1644 990 Germania?

123 999 279 1044 Cicero
299 1004 355 1044 ad
375 1002 478 1046 Div.
502 1005 580 1046 lib.
614 1004 678 1046 iii.
710 1017 779 1059 ep.
815 1006 877 1045 xi.
908 960 980 1045 [ΖΞ
997 1018 1086 1047 rem
1113 1002 1239 1046 nihil.
1299 1003 1419 1047 Idem
1438 1004 1496 1046 ad
1532 1002 1641 1047 Dim

120 1059 199 1101 lib.
220 1060 286 1102 iii.
303 1073 370 1115 ep.
393 1062 486 1103 xiii.
546 1060 632 1103 Sed
650 1060 727 1104 Ιιοο
744 1060 856 1104 nihil
874 1061 932 1104 ad
964 1067 1019 1105 te.
1042 1064 1089 1104 in
1123 1062 1285 1116 quibus
1314 1062 1413 1104 sub.
1439 1059 1639 1117 pertinen

122 1115 256 1159 Plene
274 1118 388 1159 idem
407 1119 483 1160 lib.
506 1132 576 1160 xv.
597 1133 667 1174 ep.
691 1120 740 1161 ii.
773 1117 940 1162 Parare
957 1134 1024 1166 ea,
1045 1133 1136 1176 quae
1166 1118 1224 1162 ad
1244 1117 1494 1168 exercitum,
1553 1131 1644 1162 αω-

121 1187 203 1230 que
220 1173 280 1216 ad
297 1188 386 1218 rem
414 1175 645 1219 'militarem
671 1176 948 1233 pertinerent.
1008 1176 1072 1219 Id.
1094 1178 1172 1220 lib.
1194 1178 1288 1220 viii.
1325 1191 1398 1233 ep.
1420 1177 1450 1220 i.
1583 1173 1642 1220 od

119 1231 180 1329 gd
197 1230 414 1279 Gaesarem.
472 1233 605 1278 Plene
626 1235 734 1277 ibid.
768 1249 839 1292 ep.
859 1236 904 1277 ii.
958 1232 1087 1284 Quod
1116 1234 1176 1278 ad
1203 1234 1437 1294 pantheras
1467 1233 1640 1279 anineti

154 1301 335 1332 cnwssn.
857 1304 862 1310 ·

373 1363 402 1391 ⁸
433 1362 863 1414 ΠΡΟΣΚΑΛΕΙΝ,
894 1366 963 1408 vel
992 1364 1376 1409 ΠΡΟΣΑΓΕῙΝ.

171 1453 342 1497 Passim
358 1456 741 1510 subintelligitur:
772 1460 823 1497 ut
858 1469 886 1497 a
918 1456 1212 1511 Septuaginta
1233 1454 1558 1512 Interpretibus
1586 1459 1634 1502 in

115 1512 263 1567 priore
282 1513 336 1555 de
350 1515 524 1567 regibus
543 1515 671 1562 libro,
683 1529 719 1557 c.
737 1515 843 1556 xxii.
861 1513 903 1555 9.
923 1518 969 1556 et
986 1514 1227 1569 posteriore
1244 1514 1638 1573 Paralipomenwm

114 1583 214 1626 cap·
237 1571 362 1615 xviii.
386 1572 427 1614 8.
458 1573 476 1613 ὅ
495 1570 640 1626 Τάχυς
655 1571 845 1626 Μιχαίαν
860 1571 936 1614 υἱὸν
949 1571 1166 1622 Ἰεμβλαά.
1196 1571 1347 1616 MicH·
1627 1602 1635 1608 ·

846 1797 895 1842 Σ.

294 1931 321 1958 '¹'
354 1931 708 1984 ΣΗΜΕΙΟὙΝ,
739 1928 1135 1980 OBSERVARE,
1166 1929 1444 1979 NOTARE.

173 2021 271 2065 Hoc
309 2023 490 2065 verbum
521 2024 761 2066 innumeris
796 2024 840 2066 in
871 2023 977 2066 locis
1011 2024 1130 2079 apud
1161 2024 1411 2080 scriptores,
1440 2026 1519 2080 qui
1552 2039 1629 2070 ex·

112 2084 265 2136 cei-pta
302 2094 356 2123 ex
386 2082 517 2124 variis
552 2083 804 2124 auctoribus
833 2082 1115 2135 collegerunt,
1147 2086 1254 2124 ante
1282 2084 1545 2138 particulam
1560 2086 1631 2127 ’ὅτι

111 2151 393 2192 suppressum
416 2141 692 2194 intelligitur.
751 2138 966 2194 Exemplo
995 2153 1091 2182 esse
1118 2145 1304 2195 possunt
1324 2139 1555 2198 Excerpta
1573 2156 1629 2186 ex

114 2194 313 2248 Polybio,
355 2196 568 2246 Diodoro,
609 2197 795 2239 Nicolao
832 2196 1121 2248 Damascene,
1165 2196 1379 2253 Dionysio
1421 2198 1630 2244 Halicar-

112 2254 425 2303 nassensi,-nec
445 2268 532 2297 non
554 2253 718 2297 AEliani
738 2254 876 2297 Varia
914 2254 1141 2304 Historia;
1170 2256 1217 2297 in
1245 2257 1408 2310 quibus
1434 2263 1540 2301 ante
1568 2259 1627 2301 ὅτι

110 2323 282 2365 semper
318 2313 581 2355 subauditur
621 2314 854 2362 σημείωσαιε
906 2313 1022 2366 quod
1068 2313 1186 2367 apud
1227 2312 1553 2359 Grammaticos
1578 2321 1627 2360 et

117 2367 381 2411 Scholiastas
418 2372 581 2425 ubique
618 2372 711 2413 fere
749 2384 1003 2426 expressum
1040 2372 1242 2413 occurrit.
1300 2369 1355 2415 V.
1396 2374 1443 2416 in
1479 2372 1624 2418 Φῆσαι.

109 2424 326 2467 Scnwnn.
406 2426 765 2471 Hemsterhusius
802 2430 858 2470 ad
896 2427 1124 2471 Scholiast.
1163 2428 1448 2486 Aristophan.
1500 2430 1623 2476 Plut.

108 2495 148 2522 v.
171 2481 269 2525 652.
328 2490 359 2509 ‘⁸
381 2484 438 2525 ὅτι
468 2487 529 2529 sic
547 2488 712 2542 saepius
733 2500 759 2527 a
779 2485 1094 2529 Grammaticis
1123 2493 1377 2542 usurpatur,
1408 2492 1462 2531 ut
1476 2489 1534 2532 ad
1554 2491 1621 2533 in-

105 2541 310 2594 plendam
341 2545 605 2585 sententiam
637 2544 819 2586 adscisci
850 2546 1060 2600 postulet,
1091 2545 1289 2592 σημειοῦ.”
1335 2544 1530 2590 ’Κωυίυε
1561 2549 1621 2592 ad

108 2596 296 2652 Gregor.
318 2599 523 2642 Corinth.
545 2614 590 2656 p.
619 2601 691 2644 21.
711 2602 757 2643 b.
819 2605 848 2628 “
873 2601 1143 2644 Particulam
1162 2603 1219 2643 ὅτι
1238 2615 1357 2659 saepe
1374 2605 1441 2647 ita
1460 2605 1619 2649 Gram-

106 2657 258 2699 matici
290 2657 516 2706 adhibent,
547 2662 600 2700 ut
630 2660 858 2713 implendae
887 2659 1113 2712 sententiae
1149 2659 1264 2702 desit
1292 2664 1518 2712 ama-simae,
1547 2664 1617 2708 vel

105 2713 237 2754 ἰστέον.
298 2713 401 2755 Vid.
434 2714 644 2771 Stephan.
678 2716 904 2771 Proparas.
942 2718 990 2759 in
1020 2716 1199 2760 Scholia
1230 2716 1426 2773 Thucyd.
1461 2725 1508 2763 et
1546 2721 1617 2764 Cl.

102 2767 310 2813 Valcken.
334 2770 455 2814 Diss.
478 2774 532 2815 de
554 2774 698 2816 Schol.
736 2772 919 2816 Homeri
948 2775 1064 2817 ined.
1085 2788 1128 2830 p.
1155 2773 1280 2822 119.’'
1336 2775 1545 2832 Idemque
1564 2780 1614 2822 in
1685 2796 1689 2799 ·

102 2826 298 2871 Addend.
330 2831 387 2871 ad
407 2831 450 2872 h.
468 2831 499 2872 l.
558 2834 584 2855 “
613 2830 665 2873 In
685 2830 852 2874 Isidoro
872 2833 1073 2888 inprimis
1092 2833 1227 2874 simili
1249 2837 1379 2888 pacto
1397 2835 1455 2877 ab
1483 2838 1614 2879 omis-

99 2895 151 2925 so
171 2887 303 2928 verbo
316 2886 535 2930 sciendum
553 2891 744 2944 pendere
761 2890 1022 2939 orationem,
1051 2891 1301 2932 observavit
1327 2890 1409 2934 Vir
1436 2894 1612 2950 elegan-

97 2941 312 2996 tissimus,
330 2943 366 2987 Ι.
386 2947 435 2988 F.
458 2945 709 3001 Heusinger
741 2947 796 2988 ad
818 2947 1161 3003 Apospasmatia
1194 2946 1486 2995 Grammatici
1519 2953 1612 2996 ine-

94 2998 194 3054 diti,
216 2999 370 3046 Mallio
385 3000 554 3048 Theod.
571 3006 769 3062 subjecta
788 3018 835 3062 p.
854 3005 926 3051 91.
949 3020 994 3050 n.
1015 3001 1085 3052 4.”
1115 3006 1320 3054 Sonuit.
1615 3003 1618 3007 ’
