1838 3164
730 159 1128 193 §onmxaem-xm’mn.
1594 119 1682 186 413

160 257 246 316 xp}
279 258 348 303 vel
380 260 577 317 ωροσῆκει.
634 258 863 317 AEschylus
898 261 945 303 in
978 260 1311 314 Agamemnone
1349 257 1444 301 194.
1499 256 1556 301 Τι’
1589 258 1677 301 τοὺς

160 316 430 361 ἀναλωθέντας
454 321 490 375 ἐν
520 318 615 374 ψῆφ
675 324 828 374 Hyan
858 317 951 361 Ubi
984 318 1133 361 Schol.
1164 317 1249 371 χρὴ
1282 317 1388 359 κατὰ
1427 317 1676 372 συνεκδοχῆν,

162 372 295 424 ἤγουν,
317 378 358 417 τί
375 375 436 437 δεῖ
445 337 795 433 ψηφίζεσζαιωερῖ
814 382 889 420 τῶν
907 373 1190 419 ἀπολωλότωνῙ

675 476 704 503 *
725 473 1020 524 ΧΡΗΣΘΑῙ,
1047 472 1162 519 UTI.

218 554 377 601 Deficit
396 557 488 601 haec
511 571 596 602 vox
616 559 849 612 aliquoties
867 558 1002 615 apud.
1021 556 1309 609 Herodotum,
1338 558 1418 600 ubi
1455 557 1503 599 τὸ
1535 559 1621 607 νομί
1647 575 1678 600 ει

163 614 233 656 vel
253 616 440 670 νομίζουσι
467 617 632 670 absque
651 618 740 659 alio
760 618 894 659 verbo
925 618 1120 672 ponitur.
1180 615 1254 659 Sic
1274 617 1354 658 lib.
1377 616 1435 657 iv.
1457 615 1527 658 63.
1581 618 1593 632 ³
1641 617 1678 657 σῖ

162 668 203 712 δὲ
221 671 320 714 οὗτοι
338 673 440 715 οὐδὲν
455 676 657 774 νομίξουσι.
716 674 835 717 Idem
856 676 933 717 lib.
958 676 1016 717 iv.
1038 689 1076 716 c.
1104 673 1197 716 117.
1256 673 1374 730 Φωνῇ
1403 674 1443 716 δὲ
1463 676 1494 715 οἶ
1529 672 1678 730 Σαυρο·

157 729 285 784 μάτας
318 733 506 789 νομίζουσι
576 731 729 789 κυθικῇ.
792 731 972 789 Lingua
1005 737 1148 775 autem
1181 730 1379 788 Scythica
1412 730 1678 774 Sauromatoe

158 786 231 829 uti
243 787 391 832 solent.
451 789 569 832 Nam
604 790 649 831 τὸ
677 791 836 845 νομίζειν
873 791 1091 844 significat
1121 791 1166 832 in
1201 790 1347 832 allatis
1375 790 1484 832 locis
1511 796 1678 847 recepto

159 858 275 889 more
309 847 456 890 solere.
534 847 703 904 [Etiam
742 847 856 890 AEm.
893 847 1028 891 Porto
1066 846 1135 890 h‘ic
1169 847 1347 895 ἔλλειψις
1373 849 1547 890 videtur
1578 861 1675 890 esse

157 904 280 946 verbi
309 905 499 961 χρῆσθαι,
535 906 730 949 Diction.
757 905 892 949 Ionic.
923 920 965 950 v.
997 904 1199 959 Νομίζειν,
1259 904 1376 947 Mihi
1416 918 1504 948 non
1532 906 1675 948 item:

155 962 315 1016 νομίζειν
335 964 454 1007 enim
473 964 620 1019 ipsum
640 977 719 1019 per
753 979 799 1007 se
827 964 984 1019 saepius
1011 968 1080 1005 est
1106 975 1328 1020 usurpare,
1356 962 1440 1012 uti,
1470 963 1675 1018 regitque

157 1020 219 1061 sic
250 1033 367 1063 nunc
396 1023 712 1071 accusativum,
748 1022 809 1077 (v.
844 1021 1109 1075 Wesseling.
1142 1019 1200 1062 ad
1235 1019 1449 1063 Herodot.
1480 1035 1526 1077 p.
1573 1021 1671 1070 124,

126 1086 130 1091 ’
157 1077 252 1134 30.)
279 1091 390 1120 nunc
423 1080 634 1123 dativum.
704 1079 910 1123 Ceterum
942 1081 980 1122 si
1013 1078 1311 1121 Schwebelius
1346 1080 1460 1121 hanc
1490 1080 1675 1122 locutio-

159 1149 262 1178 nem
278 1138 506 1191 propriam
530 1138 686 1180 habuit
706 1136 940 1186 Herodoti,
974 1138 1164 1180 multum
1196 1137 1375 1179 erravit.
1432 1134 1674 1180 Wesselin·

159 1194 262 1246 gius
282 1194 328 1235 in
346 1196 527 1249 egregia
546 1196 603 1238 ad
637 1194 891 1238 Reimarum
912 1195 1102 1251 epistola
1130 1194 1283 1236 addita
1314 1193 1445 1248 hujus
1470 1194 1608 1239 Dioni
1628 1209 1676 1252 p.

165 1250 289 1294 1501.
321 1253 364 1294 b.
395 1259 426 1278 “
450 1267 679 1295 Dcxxxlv.
722 1254 787 1296 13.
819 1254 927 1295 οὗτος
957 1254 1036 1308 ’γὰρ
1066 1257 1275 1308 προγονικῷ
1308 1269 1376 1293 τινι
1407 1254 1675 1309 σφραγίσματι

157 1308 335 1357 ἐνόμισεν.
402 1308 559 1352 Visum
594 1312 640 1353 id
667 1312 750 1353 tibi
783 1313 917 1366 paulo
960 1311 1236 1361 insolentius,
1277 1322 1358 1351 nec
1391 1314 1461 1351 est
1492 1307 1674 1354 tamen':

158 1377 263 1408 nam
283 1365 419 1409 Dioni
436 1369 517 1410 hoc
531 1380 670 1422 genus
687 1369 794 1411 mire
810 1368 991 1423 placuit.
1051 1367 1126 1409 Sic
1146 1369 1264 1408 enim
1283 1367 1362 1409 lib.
1384 1365 1455 1409 55.
1489 1381 1533 1422 p.
1571 1367 1672 1414 647.

159 1422 212 1465 Β.
234 1421 315 1465 Ed.
339 1423 398 1466 H.
418 1424 573 1480 Steph.
591 1426 657 1466 καῖ
674 1426 750 1482 ’γάρ
770 1429 916 1467 τούτοις
928 1424 1073 1481 ἤρξατο
1104 1425 1277 1479 νομίζειν.
1304 1429 1349 1466 et
1371 1424 1450 1466 lib.
1473 1424 1544 1467 57.
1564 1439 1670 1481 pag.

158 1481 256 1524 702.
288 1481 341 1524 A.
373 1486 512 1524 ἀπεῖπε
531 1482 570 1525 δὲ
590 1483 654 1524 καῖ
674 1489 807 1540 χρυσῷ
841 1486 959 1524 σκεύει
989 1481 1367 1535 μηδένα-νομίζειν.
1398 1485 1496 1524 tum
1530 1482 1600 1526 60.
1622 1498 1671 1539 p.

159 1538 259 1581 764.
282 1538 338 1582 D.
368 1541 503 1582 ὁποίοις
523 1543 561 1582 αἶ
579 1546 753 1590 γυναῖκες
772 1543 828 1582 ’έτί
861 1540 925 1581 καὶ
946 1545 1006 1582 νῦν
1026 1540 1227 1594 νομίξουσι.
1286 1538 1457 1587 Quibus
1489 1541 1535 1582 in
1568 1543 1675 1585 locis

156 1599 318 1654 νομίζειν
343 1599 603 1641 tantundem
634 1612 685 1640 ac
718 1597 787 1640 uti
815 1599 929 1640 est.”
959 1597 1181 1651 Semina]
1239 1596 1537 1652 Comprobare
1570 1612 1673 1655 pos·

158 1660 261 1697 sunt
280 1656 409 1708 hujus
428 1657 548 1698 verbi
569 1656 746 1711 ellipsin
767 1656 846 1698 illa
860 1655 1124 1710 Thucydidis
1144 1656 1222 1697 lib.
1242 1656 1270 1696 i.
1290 1669 1329 1698 c.
1361 1654 1429 1697 77.
1462 1656 1549 1698 οὔτε
1584 1661 1672 1700 τού-

159 1729 238 1754 τοις
256 1715 419 1768 χρῆται,
440 1712 525 1755 οὔθ’
546 1713 601 1755 οἷς
617 1715 643 1758 ἦ
663 1713 771 1756 ἄλλη
794 1713 952 1754 εΙΞΞΆλειὶς
970 1715 1127 1770 νομίζει.
1150 1713 1306 1768 supple
1334 1712 1524 1768 χρῆσθαι.
1556 1713 1674 1769 [Imo

157 1771 300 1828 νομίζει
320 1770 391 1812 hic
407 1784 577 1824 quoque
597 1777 664 1813 est
684 1773 714 1813 i.
736 1785 781 1824 q.
803 1774 968 1826 χρῆται.
999 1769 1225 1825 Senium]
1256 1774 1301 1811 et
1334 1772 1414 1812 lib.
1449 1771 1498 1814 ii.
1529 1786 1569 1814 c.
1606 1773 1673 1816 15.

162 1825 248 1869 Kal
267 1829 306 1869 ἐς
324 1827 433 1869 ἄλλα
462 1836 536 1884 τᾶξν
555 1831 656 1884 ἱερῶν
676 1829 868 1882 νομίζεται
900 1833 955 1884 τῷ
984 1828 1094 1869 ὕδατι
1116 1826 1313 1887 χρῆσθαι.
1370 1826 1441 1869 Ad
1469 1830 1672 1874 eumdem

157 1886 335 1928 modum
368 1887 503 1928 etiam
541 1885 801 1928 Latinorum
833 1884 937 1927 solet
970 1885 1188 1942 interdum
1210 1886 1378 1928 ἐλλιπῶς
1413 1892 1676 1942 usurpatum

154 1945 390 1997 reperitur,
411 1945 647 1986 subaudito
663 1945 795 1986 verbo
814 1945 1038 1986 contextui
1058 1943 1273 1984 orationis
1289 1946 1564 1996 congruenti.
1597 1945 1675 1990 Sic

157 1998 395 2042 Sallustius
417 2001 528 2043 Bell.
550 1999 648 2042 Cat.
666 2015 703 2043 c.
723 2014 826 2042 xxx.
877 1999 1004 2048 Quod
1016 1999 1266 2057 plerumque
1282 1998 1332 2041 in
1350 2000 1483 2055 atroci
1495 2003 1673 2058 negotio

153 2057 275 2100 solet.
291 2059 387 2100 sub.
399 2057 518 2114 fieri.
578 2057 712 2102 Plene
732 2058 960 2101 Petronius
975 2071 1014 2099 c.
1030 2059 1136 2100 xlix.
1196 2056 1312 2099 Solet
1316 2056 1433 2113 fier-2
1460 2057 1672 2113 Ejusdem

157 2117 275 2158 verbi
297 2117 580 2171 participium
595 2119 792 2172 χρώμενος
811 2116 1069 2158 subauditur
1087 2116 1221 2157 etiam
1239 2116 1287 2157 in
1305 2117 1423 2173 νόμῳ,
1444 2117 1520 2158 ubi
1535 2118 1675 2162 instar

158 2174 378 2227 significat
400 2175 519 2229 apud
541 2173 713 2216 Platon.
750 2176 796 2216 in
832 2173 1000 2215 Phaedr.
1036 2186 1080 2228 p.
1101 2173 1203 2215 250.
1241 2187 1285 2214 v.
1317 2171 1583 2228 Hoogeveen
1614 2178 1672 2221 ad

156 2229 308 2287 Viger.
328 2244 427 2287 cap.
446 2233 511 2274 iii.
531 2237 634 2274 sect.
655 2233 731 2274 vii.
751 2246 844 2286 reg.
872 2231 935 2273 13.
955 2234 1046 2273 not.
1069 2230 1283 2273 Scnwms.
1334 2229 1489 2274 Paullo
1499 2236 1675 2279 cautius

158 2291 261 2332 ille:
307 2295 491 2347 “potest
526 2290 797 2332 subaudiri.‘'
854 2289 973 2331 Nam
1006 2293 1058 2331 ut
1086 2289 1412 2342 subaudiamus,
1443 2290 1553 2334 nihil
1588 2305 1669 2336 nos
1747 2343 1752 2346 ι

155 2349 289 2400 cogit.
351 2347 441 2391 *Sic
478 2346 634 2390 Latine
670 2349 831 2389 dicitur
866 2360 997 2396 more,
1026 2347 1104 2389 ubi
1135 2347 1236 2404 quis
1264 2346 1351 2389 sibi
1381 2350 1668 2404 persuadebit

155 2410 279 2447 utem
297 2407 587 2462 supplendum
606 2408 734 2449 esse?
764 2405 968 2448 Scuur.

614 2515 638 2538 ὓ
658 2507 914 2559 ΧΩΡΕΙΝ,
945 2504 1212 2554 ΟΑΡΕΒΕ.

212 2601 354 2644 Sicuti
388 2615 430 2644 v.
462 2599 659 2649 δύνασθαι,
690 2603 858 2642 ἐλλιπῶς
885 2602 1098 2655 positum,
1139 2602 1284 2643 varias
1317 2612 1402 2656 pro
1436 2606 1672 2646 contextus

154 2663 329 2703 ratione
347 2660 545 2704 admittit
563 2658 933 2712 significationes:
964 2660 1027 2701 ita
1045 2660 1183 2701 etiam
1214 2660 1330 2702 inter
1362 2670 1455 2708 eas,
1487 2674 1589 2705 cum
1617 2662 1676 2705 do

195 2781 211 2809 f
227 2785 310 2817 Item
326 2783 360 2816 in
383 2782 557 2815 infinitivis
581 2781 652 2813 sine
674 2781 790 2823 aliquo
818 2782 877 2813 ad-
1068 2794 1184 2818 ean-n.

149 2829 239 2871 jecto
262 2827 394 2870 ponitis.
437 2826 666 2859 Callimachus
691 2825 814 2866 hymno
841 2825 876 2856 in
986 2825 1672 2873 Nequetaeitamdghmfflwmm
1731 2842 1739 2850 .

153 2871 348 2914 Apollinem
362 2881 432 2902 ver.
452 2873 502 2902 12.
655 2906 661 2911 ‚
1071 2880 1229 2912 ymnum,

193 2915 273 2948 Πότε
284 2915 432 2947 ema-nah·
443 2913 566 2956 κίθαριν,
576 2912 650 2952 μήτ’
659 2912 775 2952 ἅψοφη
783 2911 876 2952 ἴχνος,
987 2913 1109 2946 Phoebo
1154 2919 1287 2954 mente,
1296 2917 1396 2957 pueri
1406 2915 1565 2952 habeant.

191 2958 248 2991 Τοῦ
273 2957 386 2997 ῦοῖβου,
410 2959 475 2993 πὸς
496 2954 607 2992 παῖδας
631 2955 724 2998 ixa»,
739 2952 878 2997 ἰτιῖπμῆ·
933 2949 1053 2999 'Exim
1067 2956 1115 2990 κ’
1133 2978 1141 2988 .
1158 2956 1233 3002 χςῆ.
1256 2957 1473 2997 δσηοςττθ,
