1838 3164
194 167 255 213 24
735 176 928 212 ELLIPSIS
949 164 1182 209 NOMINUM,

204 279 383 326 cobsius
403 279 600 325 admovit
630 274 957 322 Horatianum:
990 275 1108 318 Jam⁴
1128 287 1243 318 nunc
1269 280 1310 317 et
1348 272 1530 318 incestos
1559 285 1719 319 amores

206 339 278 384 De
293 347 434 383 tenero
454 337 687 381 meditatur
705 351 865 393 ungue.
928 336 1130 376 ScHAEF.

662 417 690 444 ἶ*
719 412 1243 458 ΑΠΕΣΤΑΛΜΕΝΟΣ.

204 484 206 486 ’
264 484 427 526 Matth.
449 484 569 525 xxvi.
606 482 674 525 47.
706 482 854 523 Ἰούδας
888 481 952 521 καὶ
973 480 1068 529 μετ’1
1087 483 1205 522 αὐτοῦ
1235 479 1358 534 ’ὄχλος
1389 479 1516 522 πολὺς
1550 479 1720 522 denham-“121

210 545 307 599 “⁹396-
330 560 367 583 κ.
389 558 424 582 τ.
446 550 488 583 λ.
550 540 651 585 Non
685 539 908 580 immerito
929 538 972 588 in
995 536 1243 580 Valesianis
1263 540 1525 581 lectionibus
1546 537 1722 580 additur

211 601 512 647 ἀπεσταλμένος,
544 598 660 651 quod
680 598 857 638 omnino
879 597 1092 636 omissum
1107 597 1274 652 censeri
1303 596 1445 639 debet.
1506 595 1624 638 Nam
1646 595 1722 638 ἀπὸ

211 658 298 700 vim
319 657 452 698 habet
472 660 538 697 τοῦ
559 657 646 697 ὑπό.
677 654 726 696 F.
751 654 827 696 ST.

446 736 472 778 ἦ
501 734 812 784 AHONQIA,
834 733 1023 777 NIMIA
1045 733 1476 778 CONFIDENTIA.

267 799 319 842 In
339 800 584 850 ταμιεύεσθαι
606 814 641 841 s.
666 801 735 843 τὴν
766 802 900 855 ὁρμὴν,
931 802 1014 842 vel.
1037 802 1222 851 ἀπόνοιαν,
1252 804 1428 856 quando
1449 802 1649 844 absolute
1662 800 1730 857 >dev

213 859 430 900 militibus
450 859 642 913 ponitur,
660 859 735 910 qui
757 872 842 899 non
869 871 1022 899 omnes
1055 872 1159 900 suas
1182 860 1296 901 vires
1315 862 1461 914 primo
1481 863 1638 901 conatu
1659 859 1723 899 ef-

211 917 421 963 fundunt,
454 916 528 956 sed
549 916 610 956 sic
629 929 703 956 eas
723 916 999 969 dispensant,
1018 920 1068 957 ut
1100 921 1313 970 repetere,
1336 919 1372 959 si
1405 930 1517 972 opus
1551 918 1626 964 sit,
1657 929 1723 957 se—

214 974 299 1014 mel
314 978 445 1027 atque
464 974 623 1014 iterum
643 986 836 1027 pugnam
857 977 1034 1026 queant.
1093 974 1346 1029 Xenophon
1369 973 1420 1016 K.
1457 974 1517 1016 Π.
1552 975 1630 1015 lib.
1662 975 1723 1014 iv.

214 1032 411 1085 παρέσχον
432 1032 522 1077 ἡμῖν
555 1029 819 1078 ταμιεύεσθαι,
857 1031 950 1071 ὥστε
984 1032 1126 1072 ὁπόσοις
1149 1031 1392 1080 ἐβουλόμεθα
1422 1036 1546 1072 αὐτῶν
1572 1032 1727 1084 μάχεσ-

214 1086 300 1134 θαι,
332 1086 433 1128 Vid.
457 1087 743 1129 Casaubonus
778 1089 835 1129 ad
869 1087 1100 1129 Dinonem‘
1122 1087 1343 1144 Chrysost.
1368 1088 1562 1130 Diatrib.
1584 1102 1628 1143 p.
1651 1087 1724 1129 24.

212 1144 428 1184 SchvEB.
490 1143 538 1185 Si
566 1146 724 1197 placet,
757 1147 862 1186 item
902 1147 991 1188 alia
1021 1145 1214 1201 suppleri
1247 1151 1445 1202 possunt.
1506 1145 1725 1187 Diodorus

213 1200 299 1242 Sic.
322 1202 379 1241 iv.
398 1214 492 1254 cap.
517 1201 583 1242 12.
607 1203 710 1243 naa-02
730 1203 799 1246 τὴν
820 1205 960 1256 μάχην
988 1205 1286 1253 ταμιευσάμενος
1305 1208 1468 1260 ἀκριβῶς
1486 1203 1557 1247 *rhu
1578 1219 1728 1252 συμμε-

213 1259 334 1312 τρίαν.
368 1258 424 1298 ad
456 1271 500 1311 q.
519 1259 548 1299 l.
570 1258 917 1314 Wesselingius:
967 1268 996 1286 “
1019 1261 1239 1304 Dicuntur
1269 1264 1433 1303 milites
1462 1258 1726 1309 ταμιεύεσθαι,

213 1328 313 1356 cum
345 1328 431 1356 non
452 1329 600 1357 omnes
622 1330 724 1359 suas
750 1319 865 1360 vires
885 1320 1028 1373 primo
1063 1320 1215 1374 inpetu
1251 1320 1494 1370 effundunt,
1528 1319 1603 1360 sed
1636 1331 1727 1366 eaS,

211 1376 264 1413 ut
286 1372 452 1414 Seneca
471 1374 550 1422 ait,
573 1373 825 1429 dispensant.
887 1376 974 1427 Dio
995 1375 1293 1431 chrysostom.
1317 1376 1439 1418 Orat.
1475 1376 1538 1418 xi.
1559 1389 1606 1430 p.
1634 1375 1730 1417 177.

215 1430 269 1470 de
289 1428 479 1472 Hectore
500 1445 597 1472 cum
618 1432 791 1474 Achille
813 1446 1046 1487 congresso
1064 1449 1073 1474 ε
1109 1433 1177 1475 Save
1194 1435 1294 1476 οὐδὲν
1314 1438 1356 1476 οὐ
1377 1435 1674 1486 ταμιευσάμενος
1693 1434 1728 1474 ἐν

216 1492 271 1542 τῷ
301 1490 428 1535 ἀγῶνι.
451 1488 526 1530 ubi
548 1488 605 1530 Is.
631 1488 822 1532 Casaub.
840 1493 958 1538 yocis
986 1505 1115 1533 usum
1146 1493 1386 1546 eleganter,
1428 1492 1559 1532 sicuti
1599 1495 1643 1532 et.
1673 1490 1730 1531 ad

216 1543 398 1586 Sueton.
418 1543 528 1587 Caes.
551 1560 647 1602 cap.
668 1549 807 1590 xxxii.
828 1550 1049 1604 explicuit.
1111 1547 1210 1591 Hoc
1244 1551 1321 1604 qui
1362 1550 1607 1603 negligunt,
1641 1548 1728 1589 illis

162 1603 164 1606 ’
214 1600 396 1658 «Ioseph.
418 1602 465 1644 B.
483 1603 529 1651 J.
553 1605 611 1646 iv.
642 1606 678 1654 l,
703 1605 740 1648 6.
765 1610 834 1651 τῆς
855 1609 972 1662 ὁρμῆς
993 1608 1037 1648 τὸ
1057 1609 1286 1656 ἀταμίευτον
1306 1607 1510 1649 tribuit.'’
1527 1606 1727 1648 SCHAEF.

628 1697 655 1723 ’κς
685 1697 1016 1747 ΑΠΟΛΛΩΝ,
1048 1697 1312 1741 APOLLO.

275 1759 325 1801 In
340 1759 548 1818 εΕκοέεργος
568 1765 686 1819 apud
706 1763 866 1807 Poetas
896 1766 1096 1807 absolute
1129 1767 1286 1820 posito.
1348 1765 1480 1807 Plene
1512 1769 1579 1807 est
1613 1765 1731 1820 apud

220 1816 459 1861 Homerum
498 1819 625 1862 Iliad.
666 1822 719 1863 A.
753 1837 791 1864 v.
827 1822 927 1865 479.
961 1822 1058 1878 οὖρον
1092 1824 1134 1863 ἵει
1181 1825 1353 1878 ἑκάεργος
1385 1822 1607 1864 Ἀπόλλων.
1681 1820 1732 1864 In

212 1873 445 1923 Ἑκηβόλος.
506 1876 688 1923 Homer.
710 1879 834 1921 Iliad.
857 1880 912 1920 A.
947 1894 986 1920 v.
1010 1880 1078 1922 96.
1111 1880 1325 1935 Expresso
1358 1894 1460 1922 vero
1489 1879 1614 1922 Iliad.
1673 1879 1728 1920 A.

218 1944 259 1971 v.
287 1933 347 1973 14.
380 1934 551 1982 Στέμμοι
582 1937 618 1976 δ’
651 1938 754 1990 ’έχων
790 1940 825 1979 ἐν
860 1937 988 1993 χερσῖν
1019 1940 1204 1986 ἑκηβόλου
1231 1937 1494 1979 Ἀπόλλωνος.
1555 1936 1606 1992 In
1638 1936 1732 1994 Ἀξ-

219 1988 431 2043 νγυρὸτοξος.
489 1991 709 2036 Homerus
743 1995 866 2038 Iliad.
889 1996 939 2036 A.
960 2009 1002 2036 v,
1029 1995 1140 2037 45l.·
1189 1995 1239 2036 In
1259 1994 1405 2045 ”Αναξ.
1462 1994 1584 2036 Idem
1603 1993 1732 2036 Iliad.

221 2044 272 2084 A.
296 2059 333 2086 v.
369 2047 466 2089 444.
525 2049 807 2105 Quamquam
844 2054 926 2095 hoc
959 2053 1188 2108 epitheton
1221 2055 1356 2095 etiam
1389 2053 1443 2094 de
1481 2052 1590 2094 Jove
1625 2053 1736 2094 solet.

221 2106 443 2157 usurpari.
504 2105 686 2150 Homer.
709 2109 761 2151 Il.
781 2110 835 2151 A.
868 2110 968 2152 502.
1030 2110 1079 2151 In
1100 2111 1255 2160 Φοῖβος,
1287 2124 1385 2163 quae
1406 2124 1490 2152 vox
1516 2111 1626 2152 alias
1645 2111 1732 2162 sig-

225 2159 374 2201 nificat
387 2175 534 2216 purus,
566 2166 742 2209 lucidus.
805 2167 1025 2210 Homerus
1044 2167 1096 2209 ΙΙ.
1120 2168 1174 2209 A.
1193 2183 1234 2210 v.
1256 2168 1358 2210 443.
1417 2167 1546 2223 Φοίβῳ
1568 2165 1611 2206 θ’
1638 2168 1736 2222 ἱερὴν

221 2219 455 2266 ἑκατόμβην.
516 2221 647 2266 Plene
667 2226 770 2266 ibid.
803 2240 845 2267 v.
868 2225 968 2267 457.
1030 2224 1112 2267 Τοῦ
1148 2226 1181 2266 δ’
1210 2227 1321 2267 ’έκλυε
1339 2225 1478 2274 Φοῖβος
1507 2223 1731 2266 Ἀπόλλων.

224 2271 355 2315 Unde
378 2273 591 2321 Horatius
611 2283 657 2323 in
677 2296 812 2324 carm.
835 2284 977 2326 saecul.
997 2297 1038 2325 v.
1063 2283 1099 2324 1.
1641 2282 1644 2284 ’

451 2333 622 2386 ΡΙιοεόθ,
639 2339 924 2398 silvarumque
938 2347 1092 2398 potens
1109 2339 1278 2388 Diana,
1346 2383 1350 2391 ,

455 2390 672 2437 Lucidum
693 2398 784 2439 coelz'
803 2398 945 2441 decus.

226 2444 483 2490 Notandum
515 2452 562 2492 in
597 2455 810 2505 ejusmodi
855 2458 1083 2511 epithetiS,
1132 2456 1361 2497 subaudiri
1402 2467 1572 2510 semper
1600 2454 1734 2504 De03‚

225 2504 388 2556 quibus
408 2506 495 2547 ista
513 2513 793 2561 conveniunt,
817 2516 1067 2568 quibusque
1088 2518 1191 2556 sunt
1211 2514 1368 2557 indita.
1430 2512 1486 2555 V.
1510 2511 1737 2555 Clarkium

225 2562 282 2602 ad
300 2560 427 2604 Iliad.
450 2563 504 2606 A.
526 2579 566 2607 v.
587 2566 658 2609 43.
692 2570 906 2613 SCHWEB.
1515 2577 1518 2581 ’

558 2645 584 2671 *⁶
614 2647 1003 2694 ΑΠΟΣΤΟΛΟΣ.
1035 2648 1403 2694 APOSTOLUS.
1456 2619 1459 2621 ⁵

282 2703 418 2748 Deest
453 2707 535 2750 hoc
569 2724 744 2761 nomen,
780 2721 860 2757 aut
890 2718 1034 2759 eidem
1056 2719 1340 2774 aequipollens
1360 2715 1565 2767 μαθητὴς)
1595 2715 1642 2759 ih
1661 2718 1740 2758 τοῖς

227 2761 369 2804 ἕνδεκα.
431 2764 569 2808 Marc.
603 2772 693 2812 xvi.
740 2771 802 2813 14.
865 2775 964 2816 Act.
1005 2777 1054 2817 ii.
1094 2776 1158 2818 14.
1191 2781 1274 2818 etc.
1307 2789 1358 2818 ac
1387 2778 1435 2818 in
1463 2778 1549 2816 wis
1582 2773 1725 2824 δώδεκα

225 2818 391 2863 Matth.
426 2825 544 2865 xxvi.
574 2826 642 2874 14,
677 2827 750 2876 20,
781 2828 853 2871 47.
889 2833 906 2872 1
941 2831 1040 2874 Cor.
1077 2847 1146 2875 xv.
1182 2833 1226 2876 5.
1259 2831 1353 2876 etc.
1405 2833 1644 2888 Suppletur
1663 2846 1741 2874 au-

225 2878 512 2982 lvefnsrllhtth‘
534 2896 579 2926 x.
621 2885 659 2934 1,
695 2885 738 2928 2.
774 2900 872 2945 cap.
894 2890 955 2931 xi.
985 2891 1020 2934 1.
1042 2905 1137 2947 cap.
1161 2892 1317 2936 xxviii.
1345 2890 1406 2934 16.
1467 2889 1564 2941 Act.
1601 2891 1632 2933 i.
1665 2889 1737 2932 26.
