1838 3164
197 134 277 179 170
556 138 629 179 DE
656 137 867 180 ELLIPSI
893 138 965 180 ET
990 127 1334 179 PLEONASMO

191 250 306 307 ὀργὴν
335 253 455 307 ἔχειν,
487 255 715 310 tamquam
741 252 960 310 ὀργίζεσθαι
993 252 1256 306 cogitantes,
1285 256 1333 295 et
1365 251 1612 307 genitivum
1636 251 1703 303 sic
1748 268 1753 272 ·

189 310 304 352 nude
323 312 548 361 addentes,
579 325 667 368 quo
688 311 750 360 id,
770 313 897 365 cujus
918 323 1074 353 caussa
1103 312 1201 367 quis
1228 311 1506 361 irasceretur,
1535 311 1704 358 indiu-

189 371 303 411 rent.
361 367 411 411 Id
439 370 677 413 manifesto
707 371 833 412 docet
869 363 1090 412 Homerus
1109 365 1275 424 Odyss.
1317 369 1378 417 Ω
1407 368 1510 413 423.
1553 367 1706 418 Παιδὸς

188 426 265 525 355}
289 424 526 527 Ἑὲιῖῑῑῑϊ
551 427 729 534 affl
748 425 1710 540 };;{2;,{’;²s⁷‘0..5223222⁹225”zzssgssffffi

980 514 992 534 ι
1621 509 1639 516 “’

187 541 461 589 factumest,
489 546 540 584 ut
558 543 780 596 genitivus
814 542 950 591 etiam
985 543 1103 584 solus
1135 555 1214 596 per
1247 555 1291 584 se
1325 547 1596 598 poneretur,
1591 541 1706 590 ubi,

187 603 371 653 propter
392 600 508 657 quod
531 601 707 655 aliquid
737 601 876 646 fieret,
909 599 1244 652 significandum
1279 604 1390 646 erat.
1453 598 1582 648 Quod
1610 600 1709 656 quis

185 656 286 698 dem
307 669 395 700 non
417 663 486 701 est
504 658 668 714 ubique
697 659 879 707 factum,
909 657 984 699 sed
1015 656 1059 703 in
1093 657 1358 713 quibusdam
1391 613 1640 705 duntaxatq
1645 658 1708 700 lo-

218 715 349 757 uendi
372 716 531 764 modis,
553 721 603 757 ut
622 716 739 770 apud
759 713 1056 769 Sophoclem
1043 727 1090 756 ιιι
1120 714 1370 758 Trachiniis
1390 730 1432 758 v.
1466 714 1566 758 666.
1594 710 1708 762 ΔΗ.

187 727 285 814 gion
315 770 403 814 οιδ’·
426 772 569 823 ἀθυμῶ
589 773 639 823 δ’,
669 775 698 814 εἰ
720 773 936 826 φανήσομαι
966 774 1081 825 τάχα
1118 771 1252 816 Κακον
1272 776 1361 823 μέγ’
1391 772 1600 830 ἐκπξαξσισ’
1634 775 1706 815 ὦκ’

186 829 340 872 ἐλπίδος
354 835 492 875 καλῆς.
553 830 657 872 ΧΟ.
678 830 746 871 Οὐ
776 829 824 874 δη
841 846 877 870 τι
896 834 969 871 τῶν
990 836 1060 872 σῶν
1072 829 1275 885 ‘Hpocht
1290 831 1558 887 δωρπμάτωνζ
1570 828 1708 878 Hinc

185 884 296 932 nihil
317 890 491 940 mirum,
524 890 561 930 si
582 889 759 940 tragici,
791 889 931 929 multa
966 889 1032 930 illi
1064 892 1277 930 novantes
1313 893 1358 930 et
1390 889 1559 944 ubique
1582 888 1709 937 issen-

185 945 422 991 lentiorffln
440 950 671 1001 captantes
691 947 905 988 sermonis
939 947 1142 994 formam,
1174 950 1401 1013 tamquam
1421 959 1582 990 novum
1603 946 1711 1013 quud

186 1003 395 1046 dixerunt
423 1006 543 1058 χόλον
575 1004 718 1051 ὅπλων,
742 1007 850 1052 fiam
888 1006 1188 1057 νυμφευμάτων,
1220 1005 1297 1061 qui
1327 1019 1373 1047 re
1393 1017 1497 1051 vera
1517 1003 1714 1055 omnium

187 1061 335 1103 fuerat
352 1062 689 1116 antiquissimus
710 1074 834 1104 usuS.
896 1061 1005 1110 Quae
1025 1075 1157 1118 quum
1179 1063 1245 1104 ita
1276 1063 1383 1111 sint,
1415 1062 1519 1117 quis
1532 1063 1636 1116 gem
1654 1061 1714 1109 ad

187 1118 364 1174 ellipsin
399 1120 726 1175 praepositionis
758 1119 864 1161 ἕνεκα
893 1120 1240 1174 confugiendum
1275 1121 1452 1176 putabit
1479 1120 1528 1162 in
1559 1132 1711 1163 exem-

186 1176 323 1232 plisp
328 1176 462 1220 ..439
499 1177 600 1220 441.
639 1176 736 1218 466;
769 1179 1155 1221 commemoratis?
1215 1177 1345 1226 Quod
1379 1174 1540 1222 nollem
1572 1178 1714 1223 etium

100 1231 176 1275 149
187 1234 452 1278 Schaeferus
473 1236 670 1284 fecisset,
692 1248 823 1291 quem
843 1237 900 1278 ob
936 1237 981 1278 id
1002 1250 1176 1292 quoque
1197 1237 1267 1279 hic
1299 1250 1386 1279 non
1408 1237 1563 1292 probo,
1593 1235 1713 1290 quod

187 1305 232 1346 p.
263 1291 366 1336 439.
389 1295 463 1336 ubi
488 1293 698 1336 Dorvillii
726 1294 863 1335 verba
897 1294 1150 1348 adscripsit,
1179 1295 1293 1336 nihil
1316 1294 1547 1338 admonuit
1580 1294 1712 1338 lecto-

187 1361 281 1393 rem
302 1351 356 1393 de
390 1352 620 1394 Platonico
641 1352 749 1393 illo
737 1365 783 1393 m
804 1351 992 1406 Apolog.
1029 1353 1152 1394 Socr.
1185 1367 1222 1394 c.
1243 1350 1285 1394 9.
1321 1352 1387 1393 καὶ
1422 1354 1597 1405 φαίνεται
1621 1353 1713 1393 ανά-

186 1424 259 1450 του
287 1411 410 1458 λέγειν
431 1409 497 1451 τὸν
516 1409 626 1465 Σωκς
629 1411 748 1452 ohe-m:
782 1409 830 1450 in
849 1411 1097 1462 cujusmodi
1130 1410 1389 1463 loquutione
1409 1422 1547 1462 quum
1576 1411 1715 1451 τουτου

182 1466 310 1508 nullo
330 1471 462 1521 pacto
484 1466 534 1509 ob
555 1428 626 1507 ide
638 1467 885 1518 significare
903 1468 1062 1522 possit,
1097 1467 1214 1522 quod
1243 1467 1386 1508 virum
1414 1465 1714 1511 doctissimum

184 1531 274 1564 non
289 1526 440 1579 potuit
458 1525 614 1578 fugere
635 1536 724 1566 non
757 1524 886 1566 modo
920 1525 1180 1579 improbari,
1215 1526 1416 1567 tironum
1436 1535 1613 1570 caussa.
1641 1523 1716 1564 de-

186 1581 320 1624 bebat
377 1581 585 1625 Dorvillii
637 1583 876 1630 sententia,
906 1583 984 1624 sed
1020 1582 1223 1624 adnotari
1251 1582 1388 1623 etiam
1423 1582 1654 1626 verissima
1668 1584 1718 1623 et

185 1641 346 1681 merito
382 1641 440 1682 ab
472 1639 730 1682 Heindorfio
764 1643 943 1694 recepta
982 1638 1055 1681 Fr.
1090 1639 1207 1693 Aug.
1245 1637 1398 1681 Wolfii
1441 1638 1709 1686 emendatio,

184 1696 442 1750 masconius-ras
462 1700 569 1740 τοῦτ
592 1701 635 1738 οὐ
667 1699 789 1745 λέγειν
826 1696 890 1738 τὸν
923 1696 1148 1753 Σωκράτην,
1178 1698 1225 1739 in
1255 1698 1418 1750 quibus
1437 1698 1584 1741 verbis
1603 1702 1713 1752 prae·

183 1754 308 1836 terea
330 1756 544 1798 notabilis
562 1759 631 1796 est
649 1755 787 1796 etia'm
806 1755 1008 1806 trimeter
1025 1756 1256 1798 iambicus.

506 1843 581 1887 IX.
613 1843 682 1887 De
709 1843 795 1888 Usu
817 1844 1014 1888 Genitivz'
1034 1859 1185 1889 omzsso
1205 1843 1398 1888 Nomine.

248 1920 450 1964 Genitivi
482 1921 852 1963 constructionem
888 1935 1025 1976 supra
1054 1922 1250 1964 diximus
1279 1922 1390 1964 duas
1426 1921 1588 1965 habere
1627 1922 1715 1965 for-
1761 1924 1763 1926 ’

191 1992 302 2028 mas,
332 1992 485 2027 unam,
505 1991 613 2033 qua,
637 1980 754 2035 quod
773 1980 966 2033 alicujus
999 1981 1064 2022 rei
1092 1981 1168 2028 sit,
1190 1980 1297 2034 quid
1318 1981 1376 2022 sit
1405 1981 1539 2033 hujus
1557 1981 1622 2023 rei
1650 1981 1717 2023 di-

185 2041 342 2079 catur:
373 2038 491 2090 quod
520 2050 657 2090 genus
691 2039 1011 2085 tractavimus;
1055 2039 1253 2087 alteram,
1291 2051 1381 2091 qua
1413 2038 1581 2093 aliquid
1622 2039 1716 2080 uni-

183 2108 307 2137 verse
326 2094 491 2137 dicatur
510 2096 697 2149 alicuius
718 2096 783 2137 rei
805 2109 920 2144 esse,
955 2109 1045 2138 non
1081 2097 1252 2144 addito,
1286 2097 1397 2150 quid
1430 2097 1526 2149 ejus
1554 2096 1714 2140 reicit.

185 2152 312 2195 Hanc
332 2154 524 2196 formam
545 2165 660 2195 nunc
679 2153 924 2195 videamus.
985 2152 1067 2196 Est
1092 2168 1147 2196 ea
1173 2158 1324 2196 autem
1354 2155 1534 2209 duplex.
1599 2153 1717 2198 Nam

184 2216 263 2253 aut
282 2211 552 2265 adjectivum
573 2212 752 2253 additur
771 2212 991 2265 genitivo,
1015 2216 1092 2254 aut
1111 2225 1165 2253 ne
1189 2213 1272 2254 hoc
1292 2213 1487 2265 quidem.

242 2269 522 2323 Adjectivum
543 2270 770 2324 adjicitur,
804 2274 856 2311 ut
890 2271 937 2311 in
972 2270 1070 2318 hoc,
1103 2272 1135 2311 οἱ
1156 2272 1356 2326 χαρίεντες
1385 2274 1460 2311 τῶν
1491 2268 1714 2325 ἀνθρώπων,

183 2329 301 2380 quod
337 2328 599 2370 incredibile
620 2332 756 2375 esset,
796 2327 882 2369 nisi
921 2327 1091 2370 factum
1126 2329 1392 2376 videremus,
1412 2340 1492 2382 per
1521 2328 1719 2370 omissio-

184 2398 285 2427 nem
319 2386 552 2439 particulae
591 2383 633 2434 ἒξ
669 2385 883 2439 explicari
909 2387 1125 2440 potuisse.
1199 2384 1328 2426 Talia
1356 2386 1535 2438 quidem
1569 2385 1717 2428 mitta-

185 2456 308 2484 mus:
337 2445 538 2485 dicamus
558 2455 660 2484 vero
690 2442 744 2484 de
775 2444 1102 2485 constructione
1136 2444 1322 2496 genitivi
1357 2456 1458 2485 cum
1487 2456 1715 2498 compara-

183 2502 292 2548 tivo,
323 2515 424 2555 quae
459 2501 516 2542 ad
548 2502 628 2542 hoc
658 2514 795 2553 genus
829 2503 1037 2555 pertinet.
1118 2500 1228 2548 Quae
1268 2501 1542 2544 constructio
1577 2514 1717 2556 quum

87 2563 273 2607 015Onon
292 2561 435 2614 possit
457 2572 543 2600 non
574 2560 689 2600 mira
710 2571 764 2601 ac
795 2559 987 2601 difficilis
1021 2559 1244 2614 explicatu
1266 2559 1425 2607 videri,
1445 2559 1503 2600 ab
1527 2559 1612 2611 his,
1637 2560 1716 2613 qui

184 2617 348 2670 ubique
377 2618 555 2671 ellipses
589 2621 808 2669 quaerunt,
838 2618 1052 2659 facillimo
1085 2630 1192 2658 sane
1223 2617 1352 2659 modo
1381 2617 1712 2672 explanaretur,

185 2675 275 2716 nisi
294 2675 481 2716 omissio
516 2675 744 2728 particulae
779 2674 863 2716 ἀντὶ
880 2675 947 2716 vel
981 2675 1058 2730 πρὸ
1088 2678 1179 2716 tam
1213 2674 1405 2716 absurda
1426 2678 1558 2725 esset,
1592 2686 1644 2716 ea
1666 2677 1719 2714 ut

185 2734 272 2774 nisi
308 2746 490 2788 prorsus
531 2737 746 2774 occaecato
785 2732 842 2774 ad
872 2745 992 2774 sanae
1026 2733 1212 2775 rationis
1243 2734 1385 2774 lucem
1418 2732 1584 2774 homi-ni
1626 2743 1714 2773 non

184 2797 335 2845 posset
354 2789 400 2831 in
422 2793 611 2831 mentem
631 2791 796 2832 venire.
876 2789 996 2832 Nam
1029 2791 1113 2832 nisi
1136 2804 1218 2832 usu
1245 2791 1340 2844 Jam
1370 2793 1611 2837 constaret,
1642 2803 1717 2843 ge-

186 2849 378 2890 nitivum
416 2849 737 2901 comparationi
790 2849 1023 2896 inservire,
1067 2862 1308 2904 numquam
1337 2849 1400 2890 ‚de
1439 2847 1530 2888 ista
1569 2847 1717 2902 ellipsi

185 2908 418 2963 quisquam
453 2906 707 2958 cogitasset.
786 2904 931 2953 Quam
966 2905 1109 2948 Graeoi
1140 2907 1176 2948 si
1223 2906 1548 2956 adhibuissent,
1594 2909 1720 2960 pote-

185 2969 287 3008 rant
325 2964 526 3020 profecto
564 2964 699 3007 etiam
740 2965 1041 3008 accusativum
1072 2964 1242 3008 nomini
1285 2964 1595 3018 comparativo
1619 2964 1720 3016 jun-
