1838 3164
443 151 759 193 PLEONASMI
786 145 1223 194 ADJECTIV'ORUM.
1252 192 1254 194 ,
1552 148 1605 190 41

106 265 347 308 “lendum
379 270 504 322 puto,
532 268 708 322 quippe>
730 266 980 319 glossema..
1017 263 1064 304 Si
1095 264 1351 319 Polydamas
1380 266 1610 308 civitatem

107 329 140 348 ‘⁶
172 337 299 365 suam
314 337 415 366 eum
447 324 609 366 Jasone
633 324 859 376 conjungit
892 323 1024 363 πείσας
1041 321 1394 378 (persuadendo),
1423 326 1613 378 conjun-

107 386 143 405 “·
168 381 350 434 git-eam
370 385 522 424 ἐπιοῦσαν
541 380 781 436 (volentem,
813 379 930 422 haud
946 377 1148 432 invitam)
1176 393 1275 421 cum
1293 378 1471 422 Jasone.
1532 379 1607 422 Sic

107 440 144 463 “²
167 439 406 494 sepissime
426 440 582 486 Graeci,
602 443 654 480 ut
672 438 891 479 Plutarch.
915 436 1170 492 Philopoem.
1197 436 1263 478 15.
1293 435 1381 479 τοὺς
1408 438 1477 486 μὲν
1498 436 1605 479 &inov-

107 501 153 534 “H
170 512 260 546 τας,
291 495 379 538 τοὺς
420 496 459 538 δὲ
495 497 707 545 συμπείσας
739 494 1043 551 προσήγαγε-ΜΓ
1122 493 1331 536 Defendit
1377 496 1610 548 vulgatum.

105 551 305 609 Koeppen
338 555 473 595 allato
491 554 587 595 loco
614 552 726 608 Exp.
759 552 862 607 Cyri
894 566 935 594 v.
976 552 1015 601 1,
1046 549 1112 593 14.
1143 565 1230 594 non
1259 552 1375 594 male
1403 553 1480 594 ille
1508 554 1605 605 qui-

102 610 231 658 dem;
253 629 255 631 ¹
274 612 484 664 quoniam
516 624 572 652 ex
601 624 653 653 eo
682 615 798 653 certe
826 614 960 665 patet,
990 612 1115 652 πεῖσαι
1143 615 1189 652 et
1227 611 1362 651 ἑκόντα
1397 622 1528 665 posse
1556 611 1607 651 in

104 668 256 710 eadem
269 670 498 710 sententia·
518 670 742 722 conjungi,
773 669 881 710 adeo
912 671 964 710 ut
993 670 1011 708 ὁ
1037 665 1204 710 πεισθεὶς
1227 666 1396 720 aliquid
1419 667 1511 709 ἑκὼν
1538 667 1606 709 fa-

102 726 204 767 ciat.
262 725 348 767 Sed
382 739 538 779 urgere
557 727 632 767 ille
661 726 863 774 debebat,
893 729 1044 768 ἑκοῦσαν
1064 737 1152 766 non
1183 726 1407 779 pertinere
1435 726 1491 767 ad
1520 726 1605 766 πεί-

103 799 193 831 σας.
217 783 294 824 sed
311 783 368 823 ad
389 787 611 837 σύμμαχον.
672 782 877 825 Promisit
895 782 1166 836 Polydamas,
1184 797 1231 824 se
1249 781 1467 827 civitatem
1484 794 1606 824 suam

101 851 188 881 esse
210 847 515 897 permoturum,
547 840 638 895 (Cf.
664 854 798 895 supra
826 837 1054 895 ΛΟΓΟΣ)
1083 845 1131 881 ut
1161 846 1307 896 sponte
1339 840 1442 895 (non
1468 841 1606 881 armis

100 897 516 952 coacta)societatem
534 911 629 940 cum
647 897 684 940 J
684 912 809 941 asone
814 896 973 956 faciat.
1033 897 1106 939 Sic
1126 903 1171 939 et
1194 899 1333 939 altero
1354 899 1400 939 in
1421 896 1535 952 Exp.
1552 896 1606 939 C.

102 954 199 996 loco
214 958 372 996 ἑκούσας
391 969 479 997 non
507 958 696 1010 pertinet
728 957 783 997 ad
812 957 948 1004 ἔπεισε,
970 955 1044 999 sed
1077 954 1133 996 ad
1159 958 1289 1003 ποιεῖν,
1319 959 1364 997 et
1389 957 1484 996 tota
1506 968 1605 996 sen-

103 1013 242 1053 tentia
263 1013 328 1054 sic
348 1018 512 1054 structa
531 1015 668 1055 videri
691 1014 843 1055 debet:
874 1013 946 1054 ταὶς
964 1012 1003 1053 δὲ
1018 1029 1063 1054 π.
1078 1014 1212 1059 ἔπεισε,
1231 1012 1367 1068 (ὥστε)
1387 1016 1542 1054 ἑκούσας
1559 1027 1613 1055 π..

103 1073 186 1111 etc.
227 1068 398 1123 ltaque
420 1084 542 1123 error
574 1073 621 1113 in
654 1072 976 1114 constructione
1003 1074 1049 1111 et
1078 1071 1379 1124 pleonasmum
1405 1071 1533 1111 finxit
1562 1074 1608 1111 et

102 1127 331 1179 glossema,
346 1141 445 1169 cum
466 1133 669 1171 neutrum
687 1130 727 1170 is
746 1129 937 1184 reperiat
957 1129 1002 1169 in
1017 1127 1178 1175 verbiS,
1197 1127 1274 1180 qui
1295 1140 1348 1169 ea
1366 1140 1445 1169 con
1445 1128 1608 1181 jungat

103 1197 158 1226 ex
177 1189 324 1226 mente
342 1187 546 1227 auctoris.

763 1277 956 1319 ΙΔΙΟΣ.

158 1351 304 1406 Hujus
343 1353 549 1406 adjectivi
583 1353 859 1405 pleonasmos
898 1352 975 1392 hos
1022 1356 1196 1393 notatos
1228 1351 1398 1400 habeo„
1454 1349 1606 1406 Eurip.

103 1408 212 1452 HeC·
248 1408 349 1452 968.
400 1409 522 1451 ’Ίδιον
542 1411 715 1457 ἐμαυτῆς
734 1408 780 1452 δή
802 1426 838 1448 τι
868 1407 960 1462 πξός
981 1409 1019 1449 σὲ
1038 1412 1228 1457 βούλομαι
1248 1409 1311 1449 καὶ
1331 1407 1473 1450 παῖδας
1492 1411 1606 1457 εἰπεῖν

99 1470 194 1508 σούς·
219 1466 441 1523 proprium
461 1466 567 1523 quid
584 1480 720 1507 meum
742 1464 824 1507 tibi
842 1472 883 1507 et
899 1464 1042 1516 liberis
1071 1464 1158 1506 tuis
1177 1465 1317 1507 dicere
1343 1465 1452 1507 volo.
1511 1465 1608 1508 AEs-

100 1525 218 1567 chin.
229 1539 269 1566 c.
285 1523 484 1578 Ctesiph.
505 1539 543 1566 c.
556 1523 626 1564 26.
643 1524 713 1566 τὴν
727 1525 927 1572 ἡγεμονίαν·
940 1523 1010 1565 τὴν
1025 1523 1095 1570 μὲν
1111 1523 1214 1563 κατὰ
1225 1521 1426 1564 θάλασσαν
1440 1525 1607 1573 ἐποίησε,

102 1582 238 1630 κοινὴν,
253 1581 298 1622 τὸ
313 1581 346 1621 δ’
361 1584 550 1629 ἀνάλωμα
564 1581 652 1621 ἴδιον
668 1583 858 1636 ὑμέτερον.
878 1579 1128 1634 opponitur
1146 1581 1216 1622 hie
1227 1579 1311 1620 ἴδιον
1330 1581 1396 1622 illi
1412 1581 1547 1629 κοινὴν,
1558 1585 1611 1624 ut

104 1641 280 1692 ὑμέτερον
295 1639 495 1679 videatur
514 1638 760 1680 abundare:
795 1639 869 1679 sed
897 1642 1045 1679 tamen
1068 1638 1149 1679 hoc
1169 1638 1224 1678 ad
1244 1638 1608 1692 perspicuitatem

102 1701 170 1738 est
189 1696 330 1748 magis
358 1697 662 1737 necessarium.
723 1694 836 1737 Plat.
871 1694 1047 1735 Menex.
1084 1707 1121 1735 c.
1163 1693 1227 1747 19..
1259 1694 1441 1749 Χρῆσθαι
1472 1695 1512 1736 δὲ
1543 1696 1612 1737 καὶ

103 1754 319 1807 χρημάτων
339 1753 403 1793 καὶ
423 1758 541 1801 τιμῶν
563 1752 756 1809 θησαυρῷ,
791 1753 901 1805 (scil.
923 1764 950 1792 a
971 1752 1209 1804 majoribus
1241 1752 1422 1806 tradito)
1455 1751 1519 1793 καὶ
1547 1753 1609 1803 μὴ

103 1813 181 1852 τοῖς
212 1812 370 1858 ἐκγόνοις
397 1810 651 1864 παραδιδόναι,
682 1810 839 1864 αἰσχρὸν
859 1809 922 1849 καὶ
959 1808 1145 1863 ἄνανδρον,
1185 1811 1324 1864 ἀπορίᾳ
1360 1809 1457 1850 ἰδίων
1486 1812 1607 1853 αὑτοῦ

99 1869 315 1918 ,κτημάτων
335 1885 377 1908 τε
398 1869 461 1908 καὶ
480 1867 662 1916 εὐδοξιῶν.
723 1867 977 1909 Necessitas
996 1867 1040 1907 in
1064 1879 1193 1907 sensu
1215 1867 1331 1913 nudo
1348 1871 1392 1908 et
1417 1869 1607 1921 simplici

44 1951 50 1958 -
106 1925 151 1965 h.
171 1926 201 1966 l.
222 1929 395 1966 tantum
421 1925 676 1979 postulabat
697 1927 815 1966 αὑτοῦ
836 1940 846 1965 z
877 1924 953 1965 sed
983 1927 1121 1965 antec.
1142 1924 1408 1977 adjectivum
1437 1928 1608 1966 senten-

103 1982 215 2024 tiam
223 1982 332 2024 fecit
343 1984 484 2034 magis
501 1983 777 2037 perspicuam
792 1986 838 2023 et
856 1995 1047 2035 gravem.
1068 1979 1119 2023 In
1131 1979 1290 2023 Latina
1305 1983 1437 2023 etiam
1455 1982 1610 2034 lingua.

105 2039 193 2082 dici
227 2052 344 2081 meus
371 2039 574 2096 proprius
592 2045 637 2082 et
669 2046 766 2081 tuus
787 2053 857 2095 pr.
878 2040 986 2080 alibi
1004 2039 1147 2080 docui.
1207 2037 1429 2085 Usitatius
1447 2039 1609 2094 dicitur

105 2096 198 2143 ἰδία,
217 2101 266 2196 εξ
281 2097 438 2139 deinde
457 2100 589 2146 αὑτοῦ,
606 2102 656 2140 ut
670 2096 872 2153 Xenoph.
895 2095 998 2151 Cyri
1014 2095 1134 2140 Disc.
1154 2097 1249 2139 viii.
1271 2097 1307 2148 1,
1322 2096 1364 2139 2.
1396 2095 1468 2139 Cf.
1490 2098 1610 2140 infra

104 2154 220 2196 αὐτὸς
269 2159 351 2196 eet.
371 2155 414 2196 2.

774 2244 949 2287 ΟΣΟΣ.

113 2350 117 2356 .
168 2319 206 2361 1.
238 2319 306 2361 Ad
325 2320 604 2374 elegantiam,
621 2320 651 2360 i.
674 2333 714 2361 e.
745 2331 831 2360 non
858 2321 986 2362 modo
1015 2321 1071 2362 ad
1099 2319 1458 2362 consuetudinem
1487 2318 1610 2363 Grae-

106 2390 256 2419 corum
301 2379 410 2419 bene
451 2378 740 2431 loquentium,
785 2379 860 2418 sed
900 2380 1036 2420 etiam
1085 2378 1140 2420 ad
1183 2379 1349 2432 Justam
1394 2378 1611 2420 rationem

108 2435 401 2476 membrorum
431 2436 515 2476 sibi
536 2436 892 2489 respondentium
923 2437 1127 2490 pertinet,
1149 2437 1185 2477 si
1216 2439 1316 2490 post
1350 2438 1515 2492 τοσούτῳ
1532 2449 1610 2490 po-

108 2492 230 2533 nitur
247 2493 335 2549 ὅσῳ,
365 2497 572 2545 sequente
602 2506 687 2533 non
709 2493 944 2545 adjectivo,
976 2494 1067 2541 sed,
1083 2493 1200 2547 quod
1218 2506 1272 2534 ex
1291 2494 1496 2549 analogia
1525 2494 1609 2534 lin-

106 2562 289 2602 guarum
321 2563 407 2591 non
437 2554 679 2604 exspectes,
709 2551 840 2591 verbo
872 2551 1010 2592 finito.
1071 2549 1122 2592 In
1149 2552 1502 2605 pleonasmorum
1531 2564 1611 2593 nu·

108 2619 229 2649 mero
259 2607 304 2648 id
338 2611 454 2649 recte
489 2607 656 2658 haberi,
686 2608 816 2649 facile
842 2609 1116 2662 intelligitur.
1176 2608 1279 2650 Non
1309 2609 1464 2663 paucis
1490 2610 1610 2650 enim

107 2664 213 2707 locis
246 2665 354 2706 illud
379 2666 443 2706 ita
471 2666 664 2719 positum
690 2668 771 2716 est,
805 2669 855 2706 ut
885 2666 1001 2720 apud
1037 2663 1316 2711 Herodotum
1345 2666 1440 2706 viii.
1488 2665 1554 2707 13.
1585 2667 1610 2709 ἧ

109 2722 212 2765 αὐτῆ
232 2738 301 2778 περ
331 2725 440 2764 ἐοῦσα
455 2721 536 2771 νὺξ,
565 2721 708 2763 πολλὸν
728 2720 771 2765 ἦν
790 2723 847 2764 ἕτι
876 2726 1100 2780 ἀγριωτέρη,
1132 2726 1312 2780 τοσούτῳ,
1343 2723 1414 2779 ’ὅσῳ
1434 2724 1469 2764 ἐν
1488 2725 1610 2764 πελά-

106 2781 171 2826 ·γεῖ
185 2782 405 2834 φερομένοισι
426 2782 626 2820 ἐπέπιπτε.
686 2778 741 2820 Et
770 2781 833 2821 Sic
864 2778 1064 2836 Xenoph.
1101 2780 1203 2835 Cyri
1224 2780 1343 2822 Disc.
1373 2780 1451 2821 vii.
1473 2780 1515 2830 5,
1537 2781 1609 2822 81.

110 2839 155 2876 et
183 2836 276 2877 viii.
324 2837 364 2884 1,
394 2837 436 2878 4.
513 2835 564 2878 In
593 2838 826 2891 posteriori
868 2850 910 2879 x,
940 2840 1032 2880 loco
1062 2839 1119 2880 ad
1160 2842 1337 2880 sensum
1366 2838 1611 2892 simplicem

108 2904 289 2947 prorsus
316 2895 509 2936 abundat
541 2894 632 2936 ὅσον.
703 2893 821 2936 Nam
853 2895 900 2935 in
918 2898 1071 2951 primo
1105 2897 1299 2938 membro
1340 2894 1611 2949 Chrysantas

108 2951 315 3003 ostendit,
345 2966 390 2997 se
407 2954 807 2999 demonstraturum
834 2966 946 3005 esse,
977 2953 1079 3011 Cyri
1099 2955 1203 2999 socii
1233 2958 1279 2998 et
1296 2954 1428 2997 amici
1448 2957 1613 3009 quanto
