1838 3164
434 134 755 180 PLEONASMI
781 132 1272 194 CpNJUNc'rIONUM.
1539 129 1619 177 113

96 244 433 305 interrogationi
466 248 634 295 addita¹
655 249 1025 305 suppeditandum
1061 249 1232 303 aliquid
1266 249 1483 305 exposcit,
1522 250 1612 303 quo

98 306 211 348 nihil
231 310 422 363 amplius
440 311 600 353 debeat
617 308 797 362 requiri.

152 363 199 405 3.
231 365 379 418 Magis
401 367 609 410 notabilis
627 372 695 408 est
714 365 1031 420 particularum
1050 366 1100 405 ὡς
1118 361 1193 419 ἄρα
1211 378 1336 412 usus,
1373 377 1459 406 non
1479 378 1606 406 rarus

97 419 188 470 ille,
206 424 285 464 sed
302 427 453 467 tamen
474 427 532 467 ab
550 425 652 466 aliis
671 436 758 464 non
778 424 885 464 satis
901 422 1240 470 demonstratus,
1270 436 1358 476 quo
1376 426 1455 464 aut
1472 423 1605 477 plane
1682 414 1691 430 “

96 478 358 540 repudiatur
375 484 558 524 alterius
576 482 795 523 sententia
817 481 882 521 vel
911 481 1092 527 dictum,
1122 483 1201 520 aut
1220 486 1338 522 certe
1356 480 1404 521 in
1422 480 1609 522 dubium

96 541 292 601 yomtur.
326 537 439 582 v'Hic
462 551 568 581 usus
592 539 852 580 brevitatem
870 541 914 578 et
931 533 1294 593 perspicuitatem
1326 538 1501 592 egregie
1531 538 1608 578 ad-

91 597 233 657 ¹Iuvat.
291 595 409 638 Nam
438 611 464 639 e
493 597 589 638 solo
628 595 702 651 ἄρα
736 596 887 637 statim
917 594 1179 648 intelligitur
1211 596 1272 643 id,
1301 595 1418 648 quod
1451 598 1608 637 auctor

91 661 189 710 Jtun
214 651 359 695 dicere
396 655 620 708 ingressus
657 657 743 698 est,
787 652 874 705 ipsi
903 662 1000 691 esse
1027 653 1152 692 valde
1183 658 1448 707 suspectum.
1520 651 1608 694 De-

95 708 256 750 moeth.
275 724 316 752 c.
335 709 458 766 Lept.
482 725 530 766 p.
564 725 620 752 m.
650 709 749 750 260.
772 706 894 747 ”Εστι
920 708 1039 746 τοίνυν
1065 723 1123 747 τις
1156 711 1360 764 πρόχειρος
1394 712 1524 758 λόγος,
1555 712 1607 751 ὧς

91 761 373 872 ῑιέἑῖὶὶξῐὲρζ
384 770 486 827 ἡμῖν,
502 767 572 839 ἐπὶ,
593 771 666 806 τῶν
699 765 889 861 ωρῗέἑογαξν
908 763 1070 859 δτῗοὶζλᾶμ
1086 762 1225 861 ὦγαθῗ
1252 768 1609 863 εἲρῖασμοέὲἦοτινὲς

322 841 440 865 ιουντο
476 840 644 864 τοιουτου
665 855 675 863 .
701 854 711 863 .
735 854 746 863 .
815 838 873 869 ’γω
977 837 1146 868 mavum
1181 834 1205 861 e
1225 834 1261 861 e.
1292 834 1317 861 e
1407 853 1416 862 .
1437 831 1446 839 “
1525 855 1534 863 .
1569 837 1606 864 s.

94 874 240 919 Καίτοι
256 880 451 923 καὶτοῦτο
470 884 592 922 ἀκούω
615 881 654 921 σὲ
675 883 812 927 λέγειν,
845 880 894 918 ὧς
924 875 999 932 ἄρα
1032 880 1131 932 τρεῖς
1165 879 1203 918 σέ
1238 894 1332 919 τινες
1358 835 1604 933 ᾅαψάμενσι

91 936 272 991 πρότερον
292 938 398 979 τοῦδε
429 942 495 979 οὐκ
528 936 738 991 ἐπεξῆλθον
771 934 909 988 (Inter
932 937 1031 988 τρεῖς
1050 940 1094 975 et
1115 952 1209 975 τινες
1226 948 1283 975 ex
1299 936 1400 976 aliis
1419 937 1544 978 editt.
1565 937 1606 977 σὲ

95 991 283 1049 addidi.)
319 995 384 1036 Id.
401 1000 556 1038 contra
575 995 803 1046 Aristogit.
835 994 865 1034 i.
884 1007 929 1047 p.
950 991 1051 1033 538.
1088 989 1196 1032 Οὐδὲ
1215 992 1290 1045 γὰρ
1310 990 1360 1032 αὖ
1379 996 1487 1034 τοῦτ’
1507 994 1607 1034 ἐστὶν

96 1050 226 1098 εἰπεῖν,
245 1054 296 1093 ὣς
312 1051 371 1108 ἄρ’
393 1055 435 1093 ἐκ
455 1056 597 1094 τούτων
628 1054 653 1096 ἦ
680 1054 796 1092 πόλις
815 1050 916 1091 οὐδὲν
949 1051 1187 1097 βλάπτεται.
1246 1049 1371 1090 Adde
1402 1049 1607 1105 Xenoph'.

95 1103 208 1162 Exp.
230 1107 334 1162 Cyri
355 1124 397 1152 v.
422 1110 464 1158 7,
494 1110 536 1151 5.
567 1114 612 1152 et
644 1111 698 1151 de
726 1123 818 1163 rep.
849 1108 954 1148 Ath.
990 1108 1053 1148 iii.
1088 1104 1155 1147 12.
1187 1107 1292 1148 Luc.
1323 1105 1505 1148 Charid.
1540 1108 1606 1150 10.

97 1161 222 1207 Max.
241 1165 343 1221 Tyr.
380 1170 468 1209 xvi.
506 1169 543 1209 1.
574 1167 678 1222 (vol.
707 1167 739 1208 i.
773 1181 813 1221 p.
835 1164 932 1206 286.
965 1162 1135 1218 Reisk.)
1168 1162 1330 1205 AElian.
1366 1162 1418 1205 V.
1442 1163 1502 1206 H.
1523 1166 1606 1206 xii.

95 1220 167 1262 64.
192 1224 272 1266 ubi
302 1226 372 1267 bis
402 1227 448 1267 in
477 1226 628 1267 eadem
657 1225 837 1279 periodo
867 1223 1071 1265 occurrit.
1134 1220 1306 1263 Arrian.
1335 1219 1446 1276 Exp.
1483 1221 1553 1263 Al.
1577 1223 1607 1263 i.

102 1277 241 1327 12,.2.
271 1282 338 1324 iii.
362 1283 403 1324 8.
425 1288 536 1324 extr.
558 1284 635 1324 ubi
657 1296 735 1336 pro
755 1284 803 1323 ὡς
823 1285 890 1322 est
908 1281 989 1320 ὅτιε
1020 1281 1076 1320 iv.
1115 1278 1182 1327 10,
1216 1277 1257 1319 4.
1319 1277 1479 1320 Primis
1499 1280 1607 1321 duo-

94 1335 179 1401 {ms
205 1352 231 1380 e
257 1338 385 1381 Dem.
415 1339 519 1382 locis
550 1339 751 1392 Hoogev.
782 1351 954 1391 quoque
986 1337 1144 1383 utitur,
1174 1340 1220 1377 et
1250 1339 1314 1376 ita
1334 1338 1526 1389 quidem,
1556 1341 1609 1379 ut

93 1394 196 1436 inde
220 1396 369 1438 eliciat
389 1400 479 1439 vim
510 1398 737 1452 particulae
771 1394 1088 1443 conoywramiv:
1119 1394 1330 1434 hactenus
1362 1395 1500 1435 bene:
1533 1395 1612 1436 sed

93 1450 252 1494 addere
279 1454 486 1504 debebat,
517 1468 615 1496 eam
646 1455 709 1496 sic
738 1453 942 1507 usurpari
976 1464 1054 1505 per
1075 1451 1282 1498 ironiam,
1310 1451 1415 1503 quia
1443 1452 1501 1499 is,
1531 1453 1611 1505 qui

93 1521 191 1551 eam
209 1512 405 1561 adhibet,
433 1526 521 1555 non
552 1512 681 1554 modo
710 1524 799 1552 non
833 1509 1023 1564 amplius
1051 1508 1163 1549 nihil
1185 1508 1389 1560 requirit,
1419 1509 1497 1550 sed
1515 1522 1611 1550 rem

95 1567 229 1619 plane
246 1571 463 1624 repudiat.
522 1569 593 1611 Cf.
616 1570 662 1611 S.
683 1568 726 1610 2.
758 1567 905 1610 Etiam
933 1566 1041 1608 alibi
1075 1578 1129 1606 ea
1148 1567 1329 1619 ponitur
1349 1566 1531 1614 ironice,
1561 1570 1615 1608 ut

97 1621 299 1681 Xenoph.
321 1626 455 1670 Mem.
478 1628 508 1668 i.
527 1626 571 1674 2,
587 1627 629 1667 8.
669 1629 698 1667 εὶ
731 1624 792 1671 μὴ
811 1624 886 1678 ἄρα
903 1625 928 1666 ’ἦ
950 1627 1020 1666 τῆς
1050 1625 1187 1676 ἀρετῆς
1207 1625 1406 1669 ἐπιμέλειαι
1426 1623 1614 1679 διαφθορά

97 1682 222 1724 {os-2⁹5
248 1689 293 1726 et
313 1684 446 1726 Dion.
470 1683 614 1726 Halic.
635 1683 847 1725 Archaeol.
883 1681 960 1721 vii.
989 1693 1034 1734 p.
1054 1678 1154 1719 457.
1193 1680 1272 1720 inf.
1309 1682 1339 1720 εἰ
1373 1680 1434 1728 μὴ
1456 1678 1546 1735 ἄρα,
1578 1680 1610 1720 ὦ

96 1738 235 1804 ptine,
267 1744 286 1782 ὅ
305 1743 375 1790 μὲν
395 1743 515 1791 δῆμος
544 1742 618 1783 ἴσος
646 1743 752 1782 ’ἐσται
774 1737 956 1780 δικαστὴς
987 1742 1070 1779 etc.
1108 1734 1349 1788 Hesychius
1368 1750 1469 1778 cum
1490 1738 1538 1778 in
1557 1749 1613 1777 ea

97 1800 430 1855 interpretanda
458 1801 593 1841 etiam
614 1798 660 1841 δὴ
680 1799 825 1853 ponit,
854 1796 1042 1836 fortasse
1071 1794 1127 1834 ad
1157 1795 1268 1834 talia
1295 1795 1392 1835 loca
1421 1795 1517 1835 vult
1544 1807 1615 1835 re⁴

98 1856 226 1908 spici.
284 1857 400 1899 Nam
416 1862 462 1899 et
482 1859 526 1898 in
545 1858 592 1899 δὴ
613 1858 757 1898 locum
780 1855 913 1896 habet
932 1853 1094 1898 ironia,
1124 1863 1211 1903 qua
1244 1851 1410 1892 dictum
1431 1852 1615 1893 alterius

98 1917 187 1954 aut
202 1915 417 1968 ¹iudicium
437 1916 555 1956 facto
573 1915 858 1958 declaratum,
886 1912 1015 1963 quasi
1047 1921 1262 1963 perquam
1290 1909 1486 1950 notabile
1511 1921 1614 1951 exa·

39 1984 44 1990 ·
100 1971 284 2018 gitatur.
316 1971 518 2027 Xenoph.
555 1970 692 2013 Mem.
726 1972 756 2012 i.
789 1970 833 2016 2,
862 1968 934 2009 56.
970 1972 1016 2009 et
1048 1966 1119 2008 58.
1151 1964 1370 2022 Theophr.
1402 1964 1536 2008 Char.
1559 1967 1613 2008 ii.

99 2024 145 2072 3.
165 2033 211 2072 et
228 2029 353 2072 xxiii.
374 2030 417 2072 2.
453 2029 524 2072 Cf.
548 2035 592 2072 et
613 2028 688 2077 οὖν,
714 2033 759 2070 et
778 2027 852 2082 γὰρ
874 2025 920 2066 S.
942 2024 986 2066 2.

798 2115 928 2159 ΓΑΡ.

159 2205 306 2254 Quam
323 2205 520 2260 plurimi,
549 2203 627 2258 qui
646 2201 784 2243 videri
804 2204 988 2255 possunt
1015 2202 1061 2240 et
1081 2200 1212 2251 vulgo
1230 2197 1452 2244 dicuntur,
1482 2197 1615 2250 hujus

102 2265 423 2318 conjunctionis
444 2261 685 2317 pleonasmi
720 2259 776 2300 ad
807 2258 1096 2313 paucissimos
1124 2257 1393 2308 rediguntur,
1422 2255 1616 2307 cognitis

102 2323 487 2376 grammaticorum
515 2319 854 2360 novissimorum
897 2314 1143 2370 praeceptis.
1217 2311 1312 2355 Nos
1342 2314 1435 2354 haec
1470 2321 1615 2366 pauca

106 2381 392 2422 monebimus.

167 2438 201 2479 1.
233 2436 517 2478 Pleonasrnus
537 2433 719 2476 minime
739 2432 898 2473 dubius
919 2430 1124 2475 habetur,
1154 2441 1254 2470 cum
1284 2426 1358 2482 γὰρ
1388 2426 1447 2467 ab
1481 2426 1614 2467 initio

104 2495 291 2549 alicujus
319 2494 532 2536 orationis
559 2492 748 2547 positum
778 2490 1008 2543 reperitur,
1049 2498 1182 2538 quam
1217 2485 1327 2526 nibil
1360 2486 1612 2532 antecessit,

105 2553 223 2607 quod
242 2565 296 2594 ex
314 2553 407 2594 ulla
425 2555 552 2605 parte
571 2562 670 2590 cum
689 2561 743 2588 ea
767 2548 984 2588 cohaereat
1002 2558 1013 2591 ;
1043 2549 1094 2584 ut
1129 2543 1176 2583 in
1206 2541 1372 2583 AEliani
1397 2539 1452 2581 V.
1473 2539 1532 2582 H.
1552 2542 1614 2583 iv.

103 2609 178 2652 29.
208 2609 276 2651 Οὐ
293 2610 378 2666 γὰρ·
387 2609 434 2652 δὴ
454 2608 617 2654 δύναμαι
635 2604 781 2646 πείθειν
802 2602 983 2651 ἐμαυτὸν,
1003 2602 1063 2649 μὴ
1082 2608 1201 2654 ’γελᾷν
1220 2602 1280 2640 ἐπ’
1301 2597 1543 2655 Ἀλεξάνδρῳ
1558 2605 1615 2656 τῷ

105 2667 316 2710 Φιλίππου.
378 2667 427 2708 Si
446 2666 609 2707 fabulae
630 2663 807 2706 scenicae
827 2662 1004 2701 initium
1036 2662 1170 2705 esset,
1198 2661 1278 2699 aut
1296 2657 1505 2703 convivii,
1534 2661 1612 2697 aut

105 2727 404 2780 cujuscunque
442 2723 635 2776 dialogi;
666 2721 780 2762 ratio
808 2722 921 2759 esset
950 2718 995 2758 in
1025 2719 1230 2771 promtu:
1266 2727 1369 2756 nam
1399 2714 1612 2766 intellige-

104 2789 227 2826 retur
253 2783 423 2837 aliquid
455 2785 559 2822 ante
587 2779 754 2821 dictum
782 2779 860 2817 aut
895 2774 1205 2828 significatum,
1234 2772 1291 2813 ad
1320 2771 1439 2825 quod
1466 2772 1613 2825 prima

104 2842 327 2884 sententia
354 2841 604 2885 referretur,
634 2851 675 2878 v.
707 2849 744 2877 c.
764 2833 1123 2889 prudentissimos
1152 2830 1289 2872 etiam
1318 2829 1516 2870 homines
1546 2829 1613 2868 in-

105 2899 277 2941 terdum
295 2899 428 2942 stulte
447 2903 492 2939 et
519 2895 704 2937 ridicule
724 2905 864 2946 agere.
924 2890 1012 2932 Sed
1041 2888 1295 2935 tenendum,
1325 2888 1374 2928 in
1402 2886 1484 2927 tali
1514 2898 1614 2926 nar-

107 2957 276 3001 ratione
294 2958 386 3000 vim
403 2954 630 3013 particulae
647 2951 860 3002 obtinere,
889 2961 986 3003 quae
1005 2947 1178 2991 videtur
1202 2947 1348 3004 prima
1368 2947 1416 2986 et
1433 2943 1615 2999 propria

1310 3009 1339 3038 ’¹¹‘
1370 3023 1387 3052 1
