1838 3164
164 139 244 183 140
699 151 894 186 ELmPffls
915 150 1148 186 NOMINUM.

160 254 311 309 OEdip.
345 267 386 298 v.
427 254 470 298 3.
500 251 724 311 εῙκετήρίοις
768 254 875 309 [imo
908 252 1119 310 ἱκετηρίοις]
1169 251 1353 294 κλάδοισιν
1387 250 1659 302 ἐξεστεμμένοι.

158 312 424 370 Supplz'cz‘bus
466 312 596 354 ramis
646 311 848 354 coronati.
891 312 1000 367 [imo
1043 311 1271 366 instructa]
1340 310 1489 352 Potest
1527 313 1662 353 etiam

157 371 383 414 subaudiri
406 370 569 412 θαλλός.
605 368 734 411 Hanc
754 383 903 412 vocem
932 369 1064 410 habet
1083 367 1319 410 Herodian.
1348 369 1425 411 lib.
1444 368 1522 409 vii.
1553 382 1593 410 c.
1617 369 1660 410 8.

158 430 197 483 ξ.
224 428 288 470 19.
315 427 534 483 Ἱκετηριάς
562 425 733 468 θαλλοὺς
766 426 830 467 καὶ
864 429 976 468 τέκνα
1011 427 1292 481 προτείναντας.
1330 425 1540 467 SCHWEB.
1599 427 1665 468 De

159 486 435 529 Herodianeo
455 487 551 527 loco
586 484 843 538 Sylburgius
877 497 923 538 p.
955 483 1053 525 951.
1086 496 1124 524 a.
1145 483 1216 524 24.
1253 484 1485 525 “fortasse
1514 486 1667 525 auctor

159 545 333 598 scripsit
353 544 556 598 ἱκετηρίους
584 541 800 582 ἓωλλούς.”
831 542 957 589 bene,
988 542 1157 595 opinor.
1190 540 1319 583 Conf.
1362 540 1514 582 Melet.
1553 539 1663 582 Crit.

104 627 111 636 ι
158 603 190 643 i.
223 615 267 655 p.
307 600 377 643 93.
437 600 588 652 Neque
631 599 792 640 rectius
827 597 1014 652 Polyaeni
1052 597 1319 652 Diodorique
1354 600 1460 639 locis
1496 597 1670 651 Schwe-

158 660 301 700 helius
336 659 504 705 utitur;
555 657 618 698 ibi
651 656 769 697 enim
807 669 891 698 vox
914 658 1198 712 περισπαστέαε
1244 657 1288 697 id
1327 657 1444 708 quod
1478 656 1585 697 fecit
1619 657 1666 697 in

161 716 358 758 Diodoro
391 714 729 766 Wesselingius‚
760 714 836 755 ubi
870 713 977 755 xvii.
1013 727 1050 754 c.
1090 712 1182 754 102.
1216 717 1320 755 extr.
1343 715 1486 767 legas:
1525 717 1599 755 τῶν
1627 712 1667 754 δὲ

159 779 298 815 λοιπῶν
318 771 411 822 μεθ’
433 774 620 825 ἱκετηριῶν
641 769 860 813 δεηθέντων.
878 784 915 812 c.
942 770 1035 812 103.
1053 775 1163 812 extr.
1186 775 1259 812 τῶν
1280 771 1312 810 δ’
1335 772 1528 826 ἐγχωρίων
1549 773 1673 812 ‹imv-

161 833 355 875 τησοίντων
378 828 473 878 μεθ’
494 831 698 883 ἱκετηριῶν.
757 827 862 870 Exc.
884 828 937 869 de
962 827 1072 870 Virt.
1098 833 1143 871 et
1160 827 1249 870 Vit.
1275 832 1309 869 t.
1328 829 1376 869 ii.
1406 843 1452 883 p.
1475 827 1575 876 565,
1596 828 1668 869 51.

162 895 237 930 τῶν
272 889 533 944 πρεσβυτέρων
567 884 848 939 προσελθόντων
884 884 976 934 μεθ’
1016 888 1223 941 ἱκετηριῶν.
1270 887 1486 938 quomodo
1535 886 1669 926 etiam

161 959 207 1000 p.
228 945 330 993 569,
365 943 428 985 19.
453 943 727 984 scribendum
746 944 992 998 suspiceris
1055 941 1203 996 [Conf.
1225 956 1317 984 var.
1350 944 1450 985 lect.
1481 943 1537 984 ad
1555 944 1666 984 xvii.

163 1018 203 1044 c.
232 1002 327 1050 102,
363 1001 457 1043 103.
494 999 568 1040 Sic
586 1001 632 1040 in
653 999 876 1043 Herodoto
895 1002 971 1042 vii.
993 1014 1031 1041 c.
1065 999 1158 1041 141.
1195 1001 1380 1055 ἱκετηρίην
1400 1004 1573 1050 λαβοῦσι,
1608 1000 1670 1040 al.

164 1061 320 1101 melius
352 1058 553 1113 ἱκετηρίας.
585 1056 793 1110 Sequitur
813 1059 987 1100 statim:
1025 1057 1097 1098 τοὶς
1127 1058 1314 1112 ἱκετηρίας
1344 1057 1470 1098 τάσδε.
1507 1055 1670 1111 Diony-

164 1120 256 1158 sius
296 1115 442 1158 Halic.
487 1114 590 1156 Ant.
626 1113 755 1158 Rom.
800 1119 835 1158 t.
869 1117 901 1157 i.
930 1129 975 1171 p.
1014 1114 1112 1157 546.
1154 1116 1342 1171 ἱκετηρίας
1382 1115 1671 1170 ἀναλαβόντες]

165 1175 369 1217 SCHAEF.
547 1197 549 1200 .

667 1231 692 1258 ’ἦ
715 1228 981 1279 ΚΛΗΡΟΣ,
1011 1229 1169 1273 SORS.

221 1305 271 1347 In
292 1306 434 1361 ἔλαχε,
455 1305 582 1349 Lucae.
602 1305 634 1347 i.
657 1305 682 1348 9
696 1304 730 1350 ἅ.
761 1305 890 1348 Conf.
907 1284 1008 1348 Act.
1029 1307 1061 1348 i.
1090 1304 1156 1348 17.
1176 1304 1252 1347 ubi
1273 1305 1520 1360 suppletam
1540 1305 1673 1347 habes

165 1363 367 1420 Ellipsin.
400 1363 663 1406 SGHOETTG.

654 1437 683 1465 'k
705 1436 931 1487 KAIMA,
964 1437 1173 1481 OLIMA.

223 1512 274 1554 In
294 1513 346 1555 τοὶ
364 1513 460 1569 πρὸς
481 1513 544 1561 ἕω,
575 1507 666 1569 «πρὸς
684 1515 942 1569 μεσημβρίαν,
962 1511 1053 1567 πρὸς
1071 1511 1221 1567 ἄρκτον,
1258 1509 1349 1566 πρὸς
1369 1511 1541 1564 ἑσπέραν,
1575 1509 1674 1551 sub-

166 1572 270 1613 audi
291 1573 484 1620 κλίματα.
521 1570 652 1613 Plene
673 1576 740 1614 est
760 1572 878 1626 apud
897 1571 1075 1623 Dionys.
1100 1569 1203 1610 Hal.
1225 1569 1302 1610 lib.
1324 1570 1355 1610 i.
1377 1581 1421 1621 p.
1439 1567 1481 1609 8.
1510 1566 1617 1608 ’.Απὸ
1637 1567 1676 1608 δὲ

166 1633 421 1685 μεσημβρινοῦ
456 1630 648 1678 κλίματος
679 1631 697 1670 ὃ
727 1629 837 1684 Λῖρις
866 1628 1104 1684 Μιντοῦρναν
1135 1627 1475 1682 παραμειβόμενος.
1533 1624 1678 1666 Possit

169 1688 305 1728 etiam
325 1688 496 1739 adsumi
516 1689 631 1742 μέρη,
651 1687 770 1741 quod
800 1687 929 1728 habet
949 1685 1152 1740 Polybius
1185 1691 1217 1726 t.
1241 1686 1270 1726 i.
1307 1697 1351 1739 p.
1373 1682 1471 1725 541.
1505 1680 1573 1724 Τὰ
1587 1682 1683 1738 πρὸς·

170 1746 360 1787 ἀνατολάς
378 1747 491 1800 μέρη.
527 1744 744 1786 SCHWEB.

672 1816 898 1867 KAINH,
931 1815 1051 1859 LEC
1061 1815 1181 1858 TUS.

230 1889 282 1932 In
301 1891 454 1946 phrasi
474 1893 681 1947 στρωννύειν
701 1894 824 1948 ἑαυτῷ
839 1892 995 1946 supple
1014 1891 1160 1940 κλίνην,
1178 1892 1229 1931 ut
1248 1890 1294 1931 in
1314 1887 1413 1930 Act.
1434 1886 1587 1943 ApOSt.
1617 1887 1680 1928 ix.

171 1948 242 1990 34.
267 1953 425 2004 στρῶσον
446 1955 605 2005 σεαυτῷ.

231 2007 256 2032 ³¹⁶
286 2005 337 2046 In
355 2005 709 2060 παρασκευασθῆναι
727 2007 845 2062 apud
866 2005 1102 2048 Herodian.
1125 2007 1200 2048 lib.
1222 2005 1252 2046 i.
1274 2019 1311 2047 c.
1335 2003 1422 2045 xvi.
1441 2003 1478 2058 ξ.
1506 2001 1570 2044 12.
1629 2000 1681 2043 In

175 2064 411 2103 κατακλίνειν
426 2064 544 2116 apud
566 2062 753 2117 Polyaen.
775 2065 849 2106 lib.
871 2066 961 2106 viii.
988 2079 1032 2119 p.
1054 2065 1152 2106 801.
1213 2063 1362 2104 Potest
1380 2062 1513 2103 etiam
1524 2060 1684 2101 subau-

173 2121 260 2160 diri
280 2123 446 2175 λέκτρον,
466 2121 532 2161 vel
553 2118 685 2173 λέχος.
746 2121 819 2162 Sic
846 2123 962 2175 apud
982 2122 1164 2163 Latinos
1185 2121 1402 2162 interdum
1435 2118 1565 2159 lectus
1583 2118 1682 2158 sub-

175 2178 352 2218 auditur
373 2180 552 2218 ἐλλιπῶς.
614 2177 784 2220 Plinius
804 2179 880 2219 lib.
902 2180 977 2220 vii.
1009 2193 1077 2233 ep.
1098 2180 1234 2220 xxvii.
1270 2178 1307 2232 ᾖ.
1329 2176 1370 2218 7.
1406 2174 1442 2216 J
1443 2175 1537 2217 ubet
1553 2173 1685 2216 ster-m*

175 2234 259 2277 sibi
270 2234 412 2292 prima
430 2234 575 2277 domus
587 2241 726 2291 parte.
751 2251 784 2278 s.
807 2235 972 2278 lectum.
1005 2236 1219 2278 SCHWEB.

644 2310 672 2337 ³*
693 2309 931 2356 KOFXH,
964 2308 1217 2353 CONC'HA.

243 2386 294 2427 1n
326 2385 503 2442 Πελωρῖς
531 2386 648 2440 apud
682 2385 994 2441 Alciphronem
1026 2385 1168 2440 Epist.
1190 2384 1221 2425 i.
1249 2382 1290 2425 2.
1326 2395 1422 2435 quae
1451 2394 1536 2423 vox
1566 2382 1684 2436 apud

180 2443 450 2486 Clementem
486 2443 829 2486 Alexandrinum
850 2448 893 2486 et
914 2444 1190 2494 Athenaeum,
1224 2440 1337 2494 quod
1358 2438 1587 2493 Berglerus
1607 2439 1682 2481 ob-

179 2506 341 2551 servat,
363 2501 564 2555 suppleta
583 2502 786 2543 occurrit.
823 2501 1087 2543 SonomTG.

634 2574 661 2601 ἠὲ
684 2573 928 2624 ΚΟΙΛΙΑ,
968 2572 1230 2617 VENTER.

237 2649 288 2691 In
306 2652 331 2694 ἡ
352 2649 424 2691 ἅνω
452 2652 495 2690 et
513 2650 634 2700 κάτω,
665 2648 854 2705 superior
886 2653 929 2690 et
955 2648 1149 2706 inferior.
1210 2647 1502 2702 Hippocrates
1535 2646 1683 2700 aphor.

182 2709 236 2749 iv.
260 2707 301 2749 4.
333 2710 581 2763 φαρμακεύειν
599 2705 727 2762 θέρους
745 2708 813 2754 μὲν
833 2710 984 2755 μᾶλλον
1001 2709 1072 2748 τοὶς
1088 2706 1177 2753 ἅνω,
1205 2710 1390 2758 χειμῶνος
1419 2704 1457 2745 δὲ
1477 2703 1548 2744 τοὶς
1562 2705 1682 2745 κάτω.

182 2765 465 2821 Purgandum
501 2770 636 2806 (estate
674 2763 843 2819 quidem
876 2764 1103 2821 superiores
1138 2763 1372 2818 (ventres):
1419 2759 1550 2803 hieme
1591 2774 1684 2803 vero

183 2822 417 2881 inferiores,
474 2821 738 2863 SCHOETTG.
818 2821 918 2863 Vid.
969 2821 1149 2865 Foesius
1192 2819 1351 2862 OEcon.
1398 2817 1607 2875 Hippocr.
1641 2832 1683 2860 v.

412 2952 428 2975 ‘¹
447 2952 556 2991 Verba
570 2952 810 2997 Evangelistae:
832 2952 930 2997 ἔλαχε
944 2951 1078 2997 (κλῆρον)
1093 2952 1145 2986 τοῦ
1158 2951 1313 2994 Summa
1340 2950 1460 2986 Mrcu.
