1838 3164
167 145 312 185 xxxviii
618 139 905 181 PRAEFATIO
935 135 1260 179 SCHAEFERI.

167 269 322 318 gentur
355 277 602 319 purgarem.
692 263 889 317 Cumque
928 275 1068 318 operae
1107 257 1496 311 Norimbergenses
1530 261 1674 300 cetera.

167 323 323 377 majori
358 325 493 365 etiam
522 323 791 376 negligentia
824 321 1151 376 expressissent,
1182 317 1358 358 omissis
1390 315 1554 370 passim
1585 329 1674 358 non

168 380 350 433 singulis
386 380 512 422 modo
547 380 707 427 verbis,
739 379 813 420 sed
853 377 1035 430 integris
1066 377 1175 417 adeo
1210 374 1432 415 versibus:
1466 371 1673 415 Halensis

169 438 387 488 editionis,
417 437 561 479 minus
600 437 681 480 hac
717 439 842 489 parte
877 435 1134 481 laborantia,
1164 444 1417 486 quanquam
1453 431 1675 485 ceteroqui

167 507 326 548 parum
347 495 602 543 emendatae,
634 493 857 547 exemplar
877 495 1075 535 accurate
1104 490 1377 541 recensitum,
1408 489 1526 542 quod
1551 492 1676 544 typo-

166 552 292 594 theta
313 556 584 606 sequeretur,
616 551 814 592 instruxi.

225 608 396 651 Deinde
435 608 803 662 circumspicienti
852 607 979 654 mihi,
1028 617 1217 659 quanam
1267 603 1514 647 accessione
1562 615 1678 645 nova

167 666 304 708 editio
333 666 463 708 ditari
492 670 655 721 posset,
683 664 875 720 primum
895 664 1059 706 Christ.
1082 662 1245 705 Bened.
1278 661 1527 709 Michaelis,
1558 661 1678 704 claro

165 724 247 765 viri
281 725 392 766 inter
408 722 656 777 Theologos
692 723 880 771 nomine,
910 722 1239 764 observationes
1280 733 1374 762 sese
1404 719 1674 762 obtulerunt.

165 779 277 828 Has,
311 782 547 824 maximam
564 783 736 835 partem
756 778 876 822 Novi
892 778 1085 821 Foederis
1105 780 1201 821 loca
1220 782 1487 832 spectantes,
1517 789 1675 831 neque,

163 840 336 893 opinor,
365 839 628 892 injucundas
659 838 726 888 iis,
762 839 836 891 qui
870 838 1116 889 theologica
1149 836 1299 878 severa
1330 836 1448 889 lege-
1464 838 1675 883 tractant,

163 908 218 937 ex
253 895 437 938 Halensi
473 896 663 938 editione
701 895 951 950 depromtas
993 908 1072 936 suo
1111 906 1330 948 quamque
1364 894 1461 934 loco
1495 893 1676 935 inserui.

163 951 276 1002 Tum
311 953 459 995 addidi
496 952 622 995 Ferd.
663 952 853 995 Stoschii
894 952 1216 1003 adnotationes,
1264 964 1345 1008 per
1377 951 1486 992 duos
1521 951 1678 1009 missus

165 1011 270 1052 olim
303 1009 574 1064 evulgatae-³¹³,
605 1010 767 1066 quibus
799 1013 901 1065 Jure
930 1011 1104 1053 mireris
1137 1011 1310 1068 priores
1341 1008 1479 1058 libelli
1500 1005 1680 1059 Boslani

163 1067 371 1117 editores,
401 1069 481 1122 qui
501 1068 680 1122 quidem
699 1068 874 1111 illarum
894 1068 1099 1112 notitiam
1118 1067 1282 1109 habere
1300 1068 1555 1126 potuerant,
1574 1076 1679 1123 nus-

162 1138 294 1182 quam
311 1139 414 1167 usos
432 1138 544 1167 esse.
1397 1138 1402 1149 ·
1510 1131 1514 1142 ¹
1572 1129 1576 1137 ⁶
1621 1143 1623 1146 ⁴

218 1181 302 1224 His
334 1183 646 1225 additamentis
677 1195 787 1225 meae
821 1183 1146 1226 observationes
1186 1184 1478 1235 accesserunt.
1516 1178 1592 1223 >In
1624 1179 1681 1222 ils

161 1240 479 1282 concinnandis
499 1241 690 1283 maxime
705 1242 795 1283 ‘duo
822 1243 1032 1296 spectavi,
1062 1245 1113 1283 ut
1133 1254 1231 1294 quae
1260 1241 1346 1282 viri
1377 1239 1500 1282 docti·
1520 1238 1578 1280 de
1606 1234 1679 1279 El-

161 1297 350 1353 lipsibus
373 1296 539 1347 Graecae
554 1296 738 1351 Linguae
755 1299 1047 1348 tradiderant,
1077 1300 1240 1355 partim
1260 1308 1483 1351 augerem,
1512 1295 1680 1351 partim

160 1357 438 1409 corrigerem.
498 1355 687 1409 Augenti
719 1356 919 1405 eandem,
949 1364 1084 1411 quam
1119 1356 1209 1398 alio
1240 1358 1437 1410 tempore
1469 1354 1680 1410 expertus

162 1425 277 1462 sum,
308 1414 483 1455 veniam
504 1426 632 1468 spero
651 1413 804 1456 datum
824 1414 898 1464 iri,
927 1415 1102 1471 quoties
1132 1414 1315 1456 lectores
1336 1413 1390 1455 ad
1409 1410 1681 1454 deverticula

161 1467 436 1524 Philologiae,
468 1471 669 1526 inprimis
694 1472 751 1514 ad
780 1471 958 1514 dumeta
977 1471 1191 1520 critices,
1212 1472 1486 1513 aberrantem
1515 1479 1585 1512 me
1603 1468 1680 1510 de-

159 1529 490 1582 prehenderint.
550 1527 809 1582 Corrigendi
830 1530 1036 1579 officium,
1067 1530 1306 1571 obnoxium
1338 1528 1462 1580 illud,
1492 1526 1680 1585 siquod

160 1586 524 1636 aliud‚*invidiae,
557 1587 620 1628 sic
656 1587 1028 1630 administravisse
1062 1587 1172 1629 mihi
1213 1587 1378 1638 videor,
1408 1586 1526 1628 certe
1558 1586 1678 1629 volui

160 1644 486 1696 administrare,
517 1649 567 1687 ut
586 1657 684 1699 quae
705 1647 906 1695 mortuis,
928 1659 1115 1700 quorum
1135 1645 1289 1688 honori
1310 1645 1469 1687 vindex
1486 1657 1572 1687 non
1592 1647 1679 1694 est,

160 1701 342 1745 debetur
376 1704 635 1754 reverentia,
666 1715 694 1744 a
733 1716 802 1745 me
835 1708 1040 1760 proterve
1079 1705 1228 1745 laesam
1258 1717 1355 1746 esse
1386 1702 1680 1746 nemo-facile

161 1762 283 1812 queri
305 1761 462 1815 possit.
523 1760 652 1808 Quod
669 1761 808 1803 sicubi
830 1763 1109 1817 corripientis
1131 1775 1298 1804 errores
1318 1762 1512 1803 virorum
1531 1761 1680 1804 docto-

160 1829 256 1859 rum
278 1831 391 1873 pene
411 1818 640 1873 pudendos
672 1822 786 1860 notae
802 1821 1096 1875 reperiantur,
1126 1834 1225 1875 quae
1263 1833 1289 1862 a
1322 1820 1550 1865 literarum
1580 1831 1681 1869 nos-

160 1878 331 1917 trarum
351 1877 630 1918 humanitate
653 1878 721 1918 vel
757 1879 1281 1934 tantulumxabhorreant,
1310 1877 1578 1934 imprudenti
1609 1890 1683 1923 eas

161 1934 376 2031 exciidiffle
397 1935 637 1988 mitiusque
658 1935 845 1979 sensisse
878 1949 948 1978 me
979 1949 1114 1990 quam
1134 1936 1379 1994 scripsisse,
1408 1936 1579 1991 optima
1597 1935 1683 1983 fide

162 2002 243 2031 con
273 2004 371 2033 rmo
383 1995 416 2032 ⁶.
1223 1994 1226 1995 ⁷

225 2047 353 2098 Vale,
385 2047 558 2097 Lector,
593 2049 759 2102 hocque
794 2050 903 2093 mihi
932 2053 1104 2107 petenti
1125 2052 1197 2101 da,
1231 2055 1280 2094 ut
1314 2051 1536 2093 erroribus
1560 2050 1686 2101 ¹mei³

166 2106 336 2155 eadem,
368 2119 457 2160 qua
494 2120 577 2161 ego
615 2108 722 2155 tuiS,
764 2106 885 2160 (nam
924 2115 968 2151 te
1007 2123 1180 2165 quoque
1217 2110 1438 2152 hominem
1470 2120 1562 2150 esse
1596 2120 1683 2149 me-

164 2165 332 2263 ῐίῐὲθῶῐο)
348 2165 565 2206 facilitate
594 2164 807 2218 ignoscas.
870 2167 957 2210 Scr.
989 2166 1151 2224 Lipsiae
1184 2172 1377 2211 mercatu
1412 2165 1682 2208 auctumnali

209 2348 229 2375 Β
244 2355 343 2387 Εἱηρε
359 2356 645 2389 Nimim-deutschen
662 2358 882 2391 Schuelehrers
896 2357 1030 2392 Zusiitze
1045 2370 1087 2392 su
1103 2358 1219 2391 Lamb.
1239 2358 1299 2390 Bos
1316 2358 1452 2400 Elle'pses
1467 2358 1603 2390 Grroecae.
1648 2355 1686 2393 In

171 2396 422 2431 Ba‘eclemann's
449 2401 553 2431 Altem
572 2400 642 2432 und
660 2402 785 2434 Nouem
804 2413 866 2434 von
898 2403 1130 2441 Schulsachen,
1162 2404 1193 2434 3.
1222 2402 1326 2439 Theti,
1352 2402 1387 2432 S.
1408 2401 1478 2433 168.
1499 2399 1686 2440 ,Ν--Εῗῆθῧ

172 2440 463 2490 Nimim-deutschen
481 2444 701 2478 Schullehrers
718 2447 936 2487 Fortis-eruum
953 2446 1013 2477 der
1031 2446 1285 2486 Anmerkunqen
1298 2455 1341 2476 aa
1358 2444 1476 2478 Lamh.
1501 2444 1566 2477 Bm
1580 2443 1614 2477 E

168 2483 254 2517 sebus
271 2486 402 2517 G'raecLe.
450 2485 536 2519 Ibid.
566 2489 596 2517 8.
617 2488 721 2524 leeil,
738 2490 773 2519 S.
797 2489 1090 2529 138.ff.—Nomen
1104 2488 1170 2520 viri
1183 2487 1276 2523 docti
1299 2487 1479 2529 utrobique
1504 2486 1569 2522 sub
1593 2485 1622 2523 Bi
1659 2485 1688 2522 i!

170 2525 263 2558 latet.
295 2529 359 2577 ‘Ad
383 2528 506 2569 prioris
527 2529 663 2572 quidem
687 2530 813 2562 missus
839 2532 938 2563 finem
966 2533 1057 2573 legas
1085 2533 1134 2564 St.
1156 2533 1198 2563 ad
1223 2529 1422 2572 posterioris
1451 2532 1493 2562 F.
1510 2531 1559 2562 St.
1637 2539 1684 2567 aec

170 2568 363 2602 Stoschmm
380 2571 542 2609 indicare,
553 2583 629 2604 cum
642 2573 726 2604 mihi
744 2573 893 2606 hominis
908 2574 1070 2606 rationem
1084 2575 1221 2606 aliunde
1236 2572 1405 2613 cognitam
1421 2571 1561 2606 habenti
1571 2571 1686 2604 statim

169 2612 351 2651 probabile
366 2614 476 2647 visum
502 2622 600 2652 esset,
625 2626 701 2648 mox
719 2617 828 2648 omnis
844 2618 1012 2650 dubitatio
1028 2624 1159 2650 exemta
1173 2624 1235 2650 est.
1283 2617 1361 2648 Vid.
1377 2618 1419 2648 ad
1434 2614 1466 2648 v.
1480 2615 1584 2657 Διμήν.
1607 2615 1687 2647 coll.

171 2654 387 2691 Schleusneri
402 2658 446 2689 N.
462 2659 545 2689 Lex.
561 2659 616 2691 Gr.
631 2659 704 2691 Lat.
722 2659 754 2691 in
769 2661 811 2691 N.
824 2661 864 2693 T.
877 2672 909 2693 v.
927 2660 1050 2710 Σμύςνα.

211 2702 229 2721 c
252 2700 381 2733 Passim
397 2701 590 2736 Leisnerum
605 2701 732 2741 notavi,
751 2704 841 2744 quod
867 2705 1000 2736 Kusten
1023 2715 1089 2741 non
1105 2703 1268 2741 nominati
1289 2702 1520 2743 adnotationes
1529 2700 1684 2743 'fldasttiss‘

168 2742 350 2790 tophanem
377 2754 454 2775 suos
478 2743 510 2775 in
534 2755 614 2776 usus
634 2746 863 2779 convertisset.
909 2748 944 2779 Id
968 2748 1093 2783 nollem
1120 2748 1255 2783 factum.
1299 2747 1375 2789 lpse
1400 2743 1584 2789 1⁴0inwa
1602 2744 1687 2791 inter

168 2794 261 2831 vuos
276 2786 404 2863 doctosz
426 2787 584 2830 aquibus
598 2787 768 2828 didicerit,
791 2789 971 2825 Kusterum
994 2790 1027 2826 in
1051 2790 1176 2834 prioris
1192 2789 1397 2833 praefationis
1417 2787 1633 2834 exordiqgm

166 2837 392 2863 commemora
410 2854 417 2862 .
