1838 3164
572 118 891 167 PLEONASMI
921 113 1249 162 VERBOR‘UM.
1617 116 1668 159 61

158 245 241 288 tor,
274 245 314 282 te
338 253 462 297 posse
489 237 635 281 relicto
669 234 891 294 Sper-asti?
919 239 965 276 et
996 233 1186 281 Quintil.
1221 231 1343 274 Decl.
1364 231 1394 273 i.
1427 244 1470 287 p.
1507 233 1568 275 m.
1607 231 1671 273 15.

159 295 324 345 Pater„
348 330 359 341 .
385 330 396 340 .
418 296 641 352 confitetur
666 293 805 345 uoeon',
834 307 878 335 se
909 291 1108 334 abdicare
1137 304 1223 332 non
1248 302 1382 346 posse.
1442 289 1545 331 Alia
1572 289 1674 331 dedi

160 356 219 398 ad
257 355 444 400 Cia-iv.
477 354 660 396 Catilin.
697 357 810 394 extr.
849 353 893 392 in
934 349 1053 392 Orat.
1086 346 1188 390 cciii.
1219 345 1395 389 selecti-s.
1456 347 1542 388 Sed
1568 360 1674 388 usus

158 414 281 456 verbi
313 413 472 460 Graeci,
503 425 635 466 quem
663 410 906 466 pleonasmi
939 408 1114 449 nomine
1144 409 1318 452 ornant,
1349 417 1438 446 non
1466 417 1565 446 raro
1604 417 1674 445 oc-

161 472 311 518 currit.
344 469 446 512 Vid.
466 468 667 524 Xenoph.
691 466 828 509 Mem.
849 467 895 507 ii.
919 465 961 513 6,
990 464 1060 506 22.
1086 477 1121 506 s.
1153 464 1230 505 ubi
1253 468 1320 504 ter
1342 463 1406 503 sic
1425 462 1674 502 adhibetur.

165 526 287 570 Hist.
305 528 382 570 Gr.
400 529 478 570 vii.
500 527 544 575 5,
564 525 607 568 7.
640 525 772 578 Ages.
795 526 859 566 xi.
899 523 963 565 10.
993 527 1040 564 et
1060 520 1240 575 Lycurg.
1267 534 1305 561 c.
1325 518 1474 561 Leocr.
1507 532 1551 573 p.
1573 517 1674 560 234.

162 586 291 639 cujus
312 587 403 627 haec
427 589 556 626 sunt:
587 581 662 624 Τίς
683 583 715 623 δ’
735 581 779 626 ἦν
799 582 917 623 οὕτως
934 580 960 625 ἢ
980 579 1190 629 μισόδημος
1215 579 1321 626 τότε,
1351 577 1377 622 ἢ
1409 575 1677 626 μισαθηναῖος,

163 643 264 684 ὅστις
283 641 446 689 ἐδυνήθη
468 641 511 682 ἂν
532 638 700 683 ἄτακτον
722 639 855 682 ἑαυτὸν
877 641 1072 687 ὑπομεῖναι
1094 636 1196 686 ἰδεῖν,
1223 636 1336 680 ἡνίκα
1350 635 1376 679 ἦ
1392 635 1462 684 μὲν
1481 635 1588 680 ἧττα
1613 633 1679 675 καῖ

166 699 212 741 τὸ
230 700 381 750 «γεγονὸς
397 698 528 741 πάθος
548 704 602 756 τῷ
622 698 735 755 δήμῳ
754 698 1065 753 προσηγγέλλετο
1081 697 1099 738 ’ἰ

782 791 1090 836 ΕΘΕΛΕΙΝ.·

223 868 352 917 Quod
371 869 426 911 de
453 883 494 912 v.
514 867 722 918 βούλεσθαι
755 868 853 909 init.
885 868 1094 916 diximus,
1125 867 1170 909 id
1200 866 1336 908 etiam
1355 866 1410 908 de
1431 866 1511 908 hoc
1531 866 1650 909 valet
1669 879 1681 914 ;

165 928 283 981 quod
300 929 395 981 jam
415 941 470 969 ex
490 940 543 968 eo
563 928 662 980 quis
680 926 918 974 existimet,
948 926 1069 979 quia,
1098 937 1194 977 quae
1221 925 1323 966 inde
1342 924 1542 966 derivata
1561 928 1682 972 sunt,

171 983 391 1037 ἐθελοντὴς,
421 983 646 1035 ἐθελούσιος,
675 983 915 1039 ἒθελουργός,
948 982 1167 1024 ἐθελόπονος
1187 984 1434 1035 Significant
1454 995 1572 1034 eum,
1605 983 1684 1036 qui

171 1055 263 1083 rem
293 1047 449 1097 sponte
468 1046 512 1084 et
539 1044 725 1084 libenter
757 1042 970 1095 suscipiat
1000 1044 1078 1082 aut
1108 1044 1283 1082 tractet.
1342 1038 1469 1082 Iliad.
1500 1039 1560 1082 H.
1581 1040 1684 1083 375.

170 1113 206 1142 S.
228 1099 276 1141 αἶ’
287 1102 322 1140 κ’
357 1099 516 1142 ἐθέλωσι
547 1098 775 1142 παύσασθαι
800 1101 1013 1147 πολέμοιοε
1051 1102 1095 1140 et
1118 1097 1167 1140 Σ.
1198 1097 1299 1140 434.
1327 1098 1467 1139 πολλοὶ
1492 1099 1591 1147 μάλ’
1618 1104 1686 1140 οὒκ

171 1154 378 1206 ἐθέλουσα,
410 1158 450 1199 h.
471 1171 510 1200 e.
536 1157 798 1200 vehementer
825 1168 1070 1211 repugnans
1103 1161 1148 1197 et
1170 1155 1325 1198 invita.
1385 1154 1485 1209 Lys.
1520 1169 1586 1197 or.
1619 1156 1685 1199 18.

171 1227 210 1256 c.
232 1212 275 1256 2.
296 1217 533 1264 πεπαυμένοι
551 1217 627 1271 ’γὰρ
647 1218 718 1260 τῆς
746 1217 861 1270 ὄργῆς
890 1218 1016 1256 αὐτῶν
1048 1212 1253 1269 ἀκροᾶσθε,
1284 1212 1349 1255 καῖ
1382 1212 1470 1255 τοὺς
1498 1215 1689 1268 ἐλέγχους

170 1270 244 1316 353„
279 1270 458 1314 θέλοντες
491 1271 747 1326 ἀποδέχεσθε.
793 1270 937 1314 AEsch.
970 1286 1009 1313 c.
1056 1269 1253 1326 Ctesiph.
1292 1286 1330 1314 c.
1361 1271 1433 1314 40.
1466 1271 1528 1312 ἐοὶν
1558 1270 1597 1312 δὲ
1626 1272 1688 1320 μιῆ

169 1343 207 1369 ω
228 1332 426 1374 οσποιῆτσιι
461 1331 566 1379 ὑμῶν
597 1332 756 1378 ἀκούειν,
791 1329 891 1378 μηδὲ
928 1331 1036 1377 ὑμεῖς
1067 1328 1204 1370 ἕκείνου
1234 1327 1389 1371 ἐθέλετε
1419 1331 1576 1370 ἀκούειν.
1651 1327 1691 1371 Ε

218 1387 380 1442 enoph.
413 1389 563 1429 notavi
597 1386 734 1428 Mem.
768 1386 817 1427 ii.
855 1384 899 1433 6,
934 1385 1002 1427 27.
1035 1384 1137 1440 Cyri
1159 1385 1281 1428 Disc.
1305 1387 1335 1428 i.
1372 1386 1412 1436 1,
1445 1386 1489 1428 3.
1520 1385 1688 1442 Exped.

174 1445 236 1486 vi.
266 1443 309 1496 2,
341 1443 382 1486 6.
415 1443 484 1486 De
504 1458 550 1487 re
570 1458 639 1500 eq.
660 1444 704 1492 3,
736 1443 780 1485 3.
803 1457 840 1485 s.
873 1442 940 1485 De
956 1444 1087 1486 rebus
1108 1444 1366 1486 inanimatis
1387 1445 1692 1499 pleonasmum

177 1503 350 1546 notavit
369 1500 621 1555 Wesseling
654 1503 710 1544 ad
734 1500 1011 1554 Herodotum
1034 1502 1064 1543 i.
1107 1499 1200 1543 109.
1231 1501 1304 1544 Sic
1333 1502 1388 1543 de
1409 1500 1516 1544 Nilo
1536 1500 1582 1543 ii.
1622 1501 1690 1543 11.

177 1563 223 1602 et
240 1560 294 1601 de
313 1565 445 1602 vento
464 1561 540 1602 vii.
568 1559 659 1602 191.
719 1558 769 1600 In
791 1560 954 1601 talibus
975 1558 1117 1600 ἐθέλειν
1137 1560 1271 1600 etiam
1302 1559 1347 1600 τὸ
1377 1559 1530 1602 δυνατὸν
1547 1561 1694 1615 expri-

177 1619 274 1668 mit,
304 1621 356 1659 ut
390 1617 502 1659 Plat.
529 1616 674 1659 Phaed.
705 1615 763 1672 (ξ.
785 1616 856 1659 50.
878 1619 937 1672 s.)
960 1618 1046 1658 vol.
1071 1618 1100 1658 i.
1136 1629 1181 1671 p.
1199 1615 1300 1659 233.
1323 1631 1359 1659 S.
1390 1616 1494 1659 Vid.
1526 1621 1571 1660 et
1605 1626 1698 1659 τολ-

177 1682 271 1729 μᾷν.
332 1673 439 1718 Haec
457 1678 524 1717 tot
543 1676 638 1716 loca
666 1677 782 1715 certe
810 1674 866 1715 ad
893 1675 1027 1716 crisin
1048 1675 1304 1727 cognovisse
1323 1675 1517 1729 expedit.
1579 1673 1698 1717 Nam

179 1731 406 1787 Longinus
425 1731 604 1774 xxxviii.
625 1731 667 1773 2.
693 1732 784 1774 haec
805 1731 966 1773 habet:
993 1730 1055 1773 ‘O
1087 1735 1175 1780 *γοῦν
1203 1731 1367 1788 Ἰσοκρ.,
1398 1737 1466 1773 οὒκ
1485 1730 1555 1773 οἶδ’
1576 1733 1695 1782 ὅπως,

179 1790 319 1832 παιδὸς
350 1794 523 1847 πρᾶγμα
556 1788 717 1838 ἔπαθεν,
748 1788 809 1830 διὰ
839 1788 911 1832 τῆν
938 1793 1006 1831 τοῦ
1026 1791 1161 1832 πάντα
1179 1788 1393 1839 αὐξητικῶς
1413 1788 1555 1831 ἐθέλειν
1573 1793 1698 1839 λέγειν

179 1850 413 1901 φιλοτιμίαν.
473 1847 541 1890 Ibi
565 1847 719 1888 Morus
741 1845 806 1901 (in
827 1846 1072 1902 Addendis)
1092 1860 1102 1887 :
1135 1853 1165 1871 “
1190 1846 1348 1889 Nonne
1376 1845 1518 1891 ἐθέλειν
1537 1848 1697 1890 redun-

182 1911 213 1930 “
235 1907 345 1948 dat?
376 1905 545 1948 Sufficit
563 1905 623 1946 διαὶ
644 1905 714 1948 τὴν
735 1914 778 1958 φ.
807 1909 876 1946 τοῦ
896 1904 1064 1953 aierem?
1122 1903 1237 1946 Illud
1271 1918 1377 1958 ergo
1411 1905 1546 1947 deleri
1579 1907 1695 1949 vole-

181 1963 274 2005 bat.
335 1962 422 2005 Sed
455 1964 728 2005 delectantur
748 1975 800 2004 eo
820 1961 966 2004 Graeci
1000 1963 1136 2004 etiam
1170 1975 1249 2017 per
1282 1964 1587 2017 pleonasmum
1620 1965 1699 2006 ad-

181 2020 293 2070 dito,
322 2034 452 2074 quem
472 2022 515 2063 h.
536 2022 568 2062 l.
603 2025 648 2062 et
680 2020 906 2062 subtilitas
926 2021 1034 2062 satis
1053 2024 1218 2063 tuetur.
1279 2019 1396 2062 Nam
1427 2022 1526 2063 sine
1555 2020 1699 2064 ἐθέλειν

183 2080 474 2132 significasset
494 2082 647 2121 auctor
678 2091 772 2120 vere
800 2076 1038 2121 Isocratem
1060 2075 1231 2121 auoeisse
1249 2091 1316 2120 res
1335 2092 1476 2121 omnes
1494 2077 1670 2121 dicendo
1683 2095 1700 2121 .-

183 2149 285 2178 cum
306 2138 382 2179 illo
401 2138 535 2179 verbo
554 2140 703 2178 autem
723 2137 894 2177 notavit
914 2137 1081 2191 puerile
1102 2139 1148 2178 et
1168 2136 1325 2179 infelix
1340 2137 1436 2191 eius
1457 2138 1539 2179 hoc
1558 2138 1606 2179 in
1625 2150 1698 2191 ge-

186 2207 291 2236 nere
309 2193 515 2238 studium.

242 2251 286 2295 2.
318 2251 538 2301 Quoniam
557 2255 732 2307 promto
751 2254 993 2306 paratoque
1012 2251 1066 2293 ad
1086 2264 1179 2294 rem
1200 2251 1416 2305 agendam
1436 2252 1585 2294 animo
1603 2253 1699 2294 fere

184 2309 434 2353 declaratur
453 2308 744 2352 benevolentia
761 2310 967 2351 adversus
986 2323 1104 2358 eum,
1134 2310 1190 2351 ad
1216 2322 1355 2362 *quem
1386 2323 1456 2351 res
1485 2310 1698 2365 pertinet,

185 2369 367 2410 omnino
385 2374 431 2411 et
451 2370 650 2410 absolute
686 2368 778 2408 haec
810 2368 908 2422 ipsa
936 2367 1209 2420 significatur
1236 2368 1371 2410 verbo
1406 2365 1562 2410 ἐθέλειν.
1623 2368 1698 2411 Sic

188 2422 392 2481 Xenoph.
429 2424 585 2468 OEcon.
614 2426 678 2468 iii.
715 2425 780 2467 12.
811 2429 931 2467 terra
958 2425 1119 2466 dicitur
1150 2424 1330 2477 θέλουσα,
1357 2424 1572 2473 benevola,
1595 2440 1699 2483 pro-

180 2480 314 2539 pitia.
386 2483 460 2526 Sic
494 2489 539 2527 et
572 2482 738 2525 Latini.
797 2482 930 2538 Apud
964 2481 1202 2524 Horatium
1233 2480 1380 2525 Carm.
1416 2483 1482 2525 iii.
1511 2483 1585 2533 30,
1632 2484 1698 2527 16.

185 2539 329 2583 volens
358 2541 439 2584 hoc
457 2554 584 2583 sensu
605 2542 799 2596 ponitur,
829 2544 875 2582 et
901 2541 1141 2594 conjugata
1160 2553 1232 2596 ap.
1255 2540 1526 2584 Ciceronem.
1589 2540 1699 2583 Haec

185 2599 426 2653 participia
444 2599 607 2654 passim
622 2599 897 2640 offenderunt
911 2598 1028 2641 viros
1047 2598 1199 2642 doctos
1217 2599 1344 2649 adeo,
1364 2603 1415 2643 ut
1432 2611 1487 2642 ea
1502 2599 1698 2643 tollenda

188 2659 266 2699 aut
283 2657 494 2700 mutanda
511 2658 824 2700 existimarent.

823 2737 1064 2782 ΕΙΔΕΙΝ.

246 2815 442 2859 Verbum
472 2816 557 2858 ἰδεῖν
586 2829 610 2858 e
635 2817 781 2872 prisca
808 2816 954 2858 forma
980 2815 1103 2871 (εἴδειν
1123 2829 1158 2858 s.
1179 2815 1304 2873 εἶδεῖν)
1337 2819 1555 2859 mutatum
1589 2831 1698 2872 quo-

190 2875 318 2916 modo
338 2876 550 2923 abundet,
573 2875 665 2916 haec
683 2875 886 2929 exempla
903 2874 1149 2916 ostendunt.
1179 2873 1332 2930 Eurip.
1368 2873 1500 2916 Rhes.
1528 2873 1628 2918 379.
1660 2889 1700 2919 s.

188 2931 321 2982 καλὸν,
353 2932 382 2976 ὦ
403 2931 563 2989 &phium
594 2935 753 2983 σκύμνον
781 2930 954 2988 ’ἔθρεψας
971 2933 1189 2989 πολίαρχον
1208 2931 1307 2977 ἰδεῖν.
1339 2931 1453 2977 Plat.
1476 2934 1560 2976 vol.
1577 2946 1617 2977 x.
1646 2947 1692 2990 p.
