1838 3164
520 147 807 194 PRAEFATIO
839 144 1095 190 EDH‘O'RIS
1122 145 1417 190 'H'ALENSIS
1614 149 1705 188 xxxi

184 277 266 318 bus
295 278 341 317 et
366 274 610 317 immiscuit
643 272 852 315 nonnulla,
881 284 909 312 a
942 266 1196 310 Christiano
1217 267 1441 310 Friderico
1462 267 1697 318 Boernero,

145 338 146 341 ’
185 338 288 375 tunc
310 334 612 375 humaniorum
633 332 876 373 litterarum
910 329 1028 384 apud
1048 325 1300 382 Lipsienses
1321 324 1590 377 Professore,
1622 329 1700 369 ob-

189 395 364 434 servata
381 395 412 433 ⁰.
646 410 649 411 ⁷

871 473 907 529 §-
937 471 1018 515 lv.

236 554 369 606 Dum-
380 565 482 604 vero
502 561 548 604 in
569 560 688 603 hisee
704 558 1003 601 additionibus
1020 556 1308 611 congerendis
1325 555 1561 610 occupatus
1581 555 1698 596 esset

184 619 540 679 schoettgenius,
569 617 738 674 placuit
757 617 859 672 ipsi,
890 617 1130 658 amicorum
1162 626 1312 663 suasu,
1342 613 1400 655 ad
1434 613 1565 666 hujus
1598 610 1700 653 libri

183 682 411 722 auctorem
429 676 601 720 litteras
631 677 828 723 exarare,
857 686 912 716 ne
944 686 996 716 eo
1014 674 1148 728 plane
1169 674 1308 715 inscio
1338 671 1599 726 opusculum
1619 669 1702 712 hoc

183 735 348 792 {ripaue
363 736 663 778 excuderetur.
723 735 973 786 Antequam
1002 744 1102 773 vero
1130 732 1201 773 hie
1226 730 1466 784 quidquam
1499 729 1699 782 responsi

183 795 518 842 tramitteret,
547 793 830 834 adserebatur
864 790 920 832 ad
948 790 1212 844 bibliopolas
1231 787 1481 843 Lipsienses
1515 798 1627 828 nova
1647 786 1700 827 li-

183 852 287 895 belli
308 851 461 900 editio‚
489 851 546 893 ab
569 851 664 905 ipso
684 849 817 891 Bosio
835 852 1085 903 procurata.
1148 847 1437 900 Subsequutae
1455 848 1555 886 sunt
1579 843 1702 885 dein-

181 923 284 966 ceps
305 908 428 952 Bosii
448 910 504 951 ad
525 908 884 962 Schoettgenium
903 907 1080 953 litterae,
1101 905 1396 955 dehortantes,
1416 916 1471 944 ne
1491 914 1604 944 nova
1623 901 1701 942 illa

186 968 338 1020 editio,
369 980 466 1022 quae
484 965 769 1022 Franequerae
798 962 973 1021 prelum
994 976 1196 1006 exercere
1214 962 1290 1003 vix
1308 962 1512 1010 desierat,
1539 958 1701 1014 Lipsiae

185 1026 530 1082 imprlmeretur.

875 1104 911 1161 §-
942 1101 1000 1146 v.

240 1198 330 1242 Sed
346 1207 436 1242 non
453 1197 730 1240 obstantibus
756 1197 827 1239 his
846 1195 1184 1251 Schoettgenius
1203 1195 1351 1238 recudi
1369 1199 1519 1238 tamen
1533 1196 1704 1238 curavit

208 1300 210 1303 ,
263 1257 469 1301 tei-iorem
495 1255 599 1297 libri
632 1255 889 1302 editionem,
929 1267 1026 1308 quae
1060 1256 1158 1309 ipso
1186 1255 1304 1296 dicto
1336 1267 1451 1296 anno
1484 1267 1700 1296 Muccxn.

273 1322 474 1368 nequerae
493 1312 741 1367 prodierat:
774 1312 885 1354 hanc
904 1313 1022 1353 enim
1045 1313 1139 1366 ipse
1166 1313 1256 1354 suis
1288 1312 1590 1353 additionibus
1610 1313 1700 1366 pri-

186 1372 552 1415 musnuetiorem
585 1370 812 1419 exhibens,
862 1371 1085 1423 sequentis
1118 1371 1221 1411 anni
1259 1382 1407 1411 mense
1447 1367 1615 1410 Martio
1655 1370 1702 1410 in

185 1429 572 1484 lueem÷publicam
589 1428 763 1482 prodire
789 1429 938 1482 Jussit.
998 1425 1056 1468 Et
1076 1428 1168 1469 haec
1195 1427 1374 1481 quidem
1408 1426 1559 1478 editio,
1590 1440 1703 1481 quae,

185 1487 408 1542 postduas
422 1485 799 1540 Franequeranas,
813 1485 948 1527 tertia
969 1485 1058 1527 fuit
1077 1486 1318 1539 eademque
1339 1484 1486 1539 prima
1502 1484 1703 1526 Schoett-

187 1545 324 1598 genii,
362 1557 463 1586 mox
498 1543 767 1586 eruditorum
799 1543 950 1585 laudes
982 1547 1051 1586 est
1085 1546 1376 1597 consequuta,
1418 1543 1702 1597 eJusde'mque

187 1603 455 1646 accessiones
473 1603 631 1657 plausu
652 1606 845 1656 exceptae
865 1605 981 1643 sunt.

242 1776 391 1828 Quum
407 1777 764 1832 deprehendisset
796 1778 949 1830 postea
981 1773 1319 1828 Schoettgenius
1348 1774 1395 1815 in
1415 1774 1608 1817 editione
1638 1788 1703 1816 se-

185 1835 329 1884 cunda
342 1833 686 1888 -Franequerana
712 1834 829 1888 (quae
859 1834 905 1875 in
925 1833 1058 1875 tertia
1087 1833 1281 1874 editione
1302 1832 1358 1874 ad
1379 1834 1563 1874 verbum
1581 1844 1703 1888 repe-

185 1894 273 1941 tita
302 1884 420 1948 erat)
445 1893 655 1948 nonnulla
673 1892 870 1934 omisisse
897 1890 1136 1949 Auctorem
1160 1888 1470 1943 Bosium‚quae
1492 1892 1538 1932 in
1558 1892 1705 1945 prima

184 1950 390 2049 &suerat
408 1949 421 1996 ;’
449 1950 504 1991 ob
525 1951 833 1991 auctoritatem
865 1950 908 1988 et
933 1948 1151 2000 judicium
1168 1946 1356 1993 Joannis
1377 1946 1702 2004 *Christophori

246 2007 334 2050 olfii
370 2008 416 2048 in
447 2005 577 2048 Curis
614 2006 890 2060 philologieis
921 2008 965 2045 et
994 2005 1161 2046 criticis
1182 2005 1239 2046 ad
1258 2005 1392 2047 libros
1414 2005 1529 2047 Novi
1550 2005 1701 2048 Testa-

186 2065 342 2114 menti,
371 2065 503 2105 semel
539 2068 671 2118 atque
692 2064 851 2105 iterum
882 2055 940 2102 ad
961 2061 1041 2102 ina
1059 2062 1342 2116 postmodum
1361 2064 1525 2105 omissa
1544 2077 1700 2118 provo-

186 2123 342 2174 cantis,
371 2122 523 2175 eadem
553 2121 632 2163 illa
651 2120 1006 2174 Schoettgenius,
1035 2131 1136 2172 quae
1170 2121 1217 2162 in
1249 2123 1502 2163 contextum
1531 2133 1703 2164 revoca-

186 2184 355 2230 rentur,
382 2179 517 2233 digna
537 2178 822 2222 existimavit.

873 2270 910 2326 s.
943 2264 1041 2312 vn.

197 2400 200 2402 Α
234 2352 389 2410 Αιᾳιιθ
410 2355 493 2398 hoc
512 2355 657 2411 ipsum
691 2354 737 2395 in
767 2353 970 2411 proxime
1000 2355 1185 2406 sequuta
1204 2350 1400 2395 editione
1415 2355 1577 2408 quarta
1596 2366 1703 2410 prae-

187 2412 331 2464 stitit„
349 2425 446 2468 quae
483 2426 603 2455 anuo
638 2425 942 2454 unocxxvm.
990 2409 1154 2466 Lipsiae
1181 2411 1330 2453 lucem
1368 2411 1593 2466 publicam
1628 2413 1705 2454 ad-

187 2471 349 2526 spexit,
398 2475 444 2513 et
478 2471 645 2525 duplici
685 2467 864 2523 gaudet'
881 2469 1143 2524 praefatione
1183 2467 1504 2523 Schoettgenii.
1561 2468 1612 2511 In
1650 2483 1706 2512 ea

185 2530 307 2572 enim
323 2529 391 2572 vir
410 2529 484 2572 hic
499 2528 783 2573 doctissimus
803 2539 891 2568 non
921 2527 1063 2569 solum
1098 2539 1200 2568 suas
1231 2528 1358 2569 auxit
1376 2527 1704 2575 adnotationes,

187 2589 234 2629 et
251 2599 389 2629 novas
417 2585 646 2640 quasdam,
675 2586 898 2640 praecipue
924 2584 982 2626 ad
1011 2583 1188 2628 Novum
1219 2582 1550 2627 Testamentum
1585 2586 1704 2627 illus-

187 2644 392 2687 trandum
413 2645 641 2693 facientes,
668 2643 865 2697 adJ'ecit;
897 2643 972 2684 sed
1003 2643 1142 2684 etiam
1175 2642 1317 2684 dictas
1349 2642 1470 2684 Bosii
1492 2642 1705 2687 observa·

187 2703 332 2745 tiones
351 2703 534 2744 omissas
552 2703 643 2743 suis
664 2702 772 2743 locis
792 2701 999 2748 restituit,
1035 2701 1099 2741 ita
1127 2705 1290 2751 tamen,
1321 2704 1370 2741 ut
1395 2701 1482 2741 illae
1501 2701 1628 2742 uncis
1652 2699 1700 2755 []

189 2757 558 2814 includerentur&
589 2759 692 2802 etin
707 2759 1065 2801 adnotationibus
1085 2758 1289 2813 subjectis
1302 2756 1458 2801 Lector
1478 2759 1532 2800 de
1555 2758 1636 2800 hac
1657 2772 1703 2800 re

232 2911 249 2930 c
270 2904 389 2937 Latent
411 2914 451 2936 ea
473 2904 535 2936 sub
560 2886 866 2946 Schoettgehianis3
902 2912 980 2937 uam
999 2926 1001 2928 r
1017 2913 1212 2946 expressam
1241 2902 1388 2937 nominis
1417 2902 1469 2935 sui
1495 2902 1704 2936 mentionem

191 2948 381 2981 Boemerus
395 2948 571 2981 recusavit.
586 2986 591 2991 ⁵
615 2979 618 2982 Α
654 2976 657 2981 .
842 2966 844 2971 ·

232 2990 247 3033 {¹
271 2990 532 3027 Observationes
556 2990 651 3026 Bosii
677 2991 842 3027 restitutas
869 2990 1058 3026 invenimus
1081 2991 1218 3035 quidem
1245 2990 1280 3026 in
1302 2990 1451 3025 editione
1477 2996 1580 3030 sexta,
1602 2990 1707 3023 nullis
