1838 3164
718 142 1015 183 ISAGOGE.
1568 139 1623 184 21

106 255 271 308 gantiae
290 268 454 310 genera
471 255 690 312 persequi,
722 258 772 297 ut
801 255 857 297 de
876 252 1070 311 ἄρχεσθαι
1106 253 1221 296 Sect.
1255 252 1300 295 2.
1340 253 1523 309 longum
1561 254 1630 297 fo-

106 316 185 355 ret.

162 371 200 426 §.
230 371 302 413 22.
333 370 493 414 Fontes
522 370 844 412 demonstrasse
873 369 1024 412 videor
1050 370 1407 424 pleonasmorum
1442 383 1567 413 veros
1585 375 1633 414 et

106 428 294 482 liquidos
313 443 323 470 :
355 441 466 484 quos
485 429 652 470 utinam
674 441 762 470 non
780 429 1003 471 turbasset
1020 428 1140 469 foeda
1160 428 1404 481 glossarum
1423 427 1597 471 illuvies
1614 430 1629 473 1

106 484 238 529 Certe
258 488 295 529 si
326 499 414 540 quo
434 487 529 528 loco
550 498 727 528 monere
746 486 1027 528 commodum
1047 488 1127 534 est,
1157 498 1212 526 ne
1237 485 1530 538 glossatorum
1551 486 1632 528 ad-

103 544 360 587 ditamentis
395 543 537 597 decipi
559 556 637 585 nos
675 546 918 598 patiamur,
957 545 1028 585 hic
1057 543 1253 598 profecto
1284 546 1366 593 est,
1395 543 1501 595 quia
1535 547 1634 587 tam

105 603 248 644 multa
276 602 412 645 verba
445 601 591 644 verbis
624 602 891 656 scriptorum
911 601 1230 656 interpretandi
1251 600 1437 643 consino
1457 601 1633 655 adjecta

102 659 309 715 deinceps
344 672 489 701 errore
523 659 806 702 librariorum
841 660 890 701 in
922 659 1068 701 media
1093 660 1292 701 oratione
1325 659 1473 714 posita
1505 662 1629 702 sunt.

103 713 414 772 Exposuerunt
434 716 488 758 de
509 717 593 759 hac
626 730 674 759 re
693 719 871 772 copiose
890 718 1018 759 multi
1038 717 1111 759 et
1098 730 1146 758 m
1166 717 1332 759 criticis
1352 717 1563 771 operibus
1584 722 1631 761 et

102 775 151 817 in
171 775 496 818 commentariis
516 775 573 816 ad
594 775 828 831 scriptores
848 776 1075 830 antiquos,
1106 779 1156 817 ut
1174 774 1371 816 Dorville
1392 774 1447 818 ad
1470 773 1630 817 Chari-

101 836 251 875 tonem
281 834 358 874 vii.
381 832 423 874 5.
447 833 539 875 viii.
562 831 603 873 8.
626 836 671 874 et
691 834 816 877 alibi.
877 832 972 875 Nos
1008 833 1073 874 vel
1105 834 1239 875 verbo
1260 833 1485 874 monuisse
1519 833 1632 876 satis

103 895 234 932 esset.
267 890 354 932 Sed
373 903 511 932 unum
531 891 779 963 exemplum
801 891 972 933 addam.
1013 890 1145 945 Apud
1167 890 1477 933 Herodotum
1466 890 1531 932 1ii.
1553 889 1629 934 36.

60 995 62 997 ,
101 948 266 1002 legitur
299 954 340 989 οὐ
372 953 513 1005 πολλῷ
542 951 754 996 μετέπειτα
774 951 899 1006 χρόνῳ
933 950 1107 1004 ὕστερονῑ
1142 949 1217 990 sed
1243 947 1335 991 129.
1367 949 1492 1005 χρόνω
1511 951 1554 990 οὗ
1573 965 1628 992 w.

103 1005 279 1061 υστερον·
311 1006 388 1048 vii.
415 1006 509 1048 137.
542 1010 691 1048 autem
722 1024 793 1063 χρ.
828 1009 1039 1056 μετέπειτα
1058 1012 1226 1062 πολλῷξ
1260 1011 1303 1048 et
1327 1005 1422 1047 151.
1446 1008 1630 1049 πολλοῖσι

102 1063 382 1119 ἕτεσιὸστερον,
415 1065 610 1116 itemque
638 1063 731 1106 170.
763 1066 888 1122 χρόνω
915 1065 1062 1119 ὕστερον
1083 1070 1245 1121 πολλῷ.
1277 1064 1372 1105 viii.
1400 1062 1495 1105 128.
1514 1067 1630 1107 extr.

46 1166 48 1169 y
104 1133 256 1163 rursus
291 1122 328 1162 ἐς
361 1138 424 1163 τον
442 1124 656 1171 μετέπειτα
675 1140 744 1178 χ.ρ
776 1124 872 1164 eziel:
906 1123 968 1164 ix.
992 1121 1064 1163 85.
1097 1134 1199 1164 vero
1235 1121 1326 1162 δέκα
1361 1122 1459 1162 έτεσι
1479 1122 1629 1178 ὕστερον

103 1179 212 1226 μετὰ
240 1183 393 1221 ‘rav-ra:
426 1180 480 1221 de
514 1178 712 1221 Homero
741 1180 927 1234 denique
968 1179 1036 1222 17.
1069 1197 1139 1235 χρ.
1173 1183 1215 1220 οὖ
1239 1185 1381 1235 πολλῷ
1395 1179 1626 1228 μετέπειτα.

105 1233 190 1278 Cui
203 1249 290 1278 non
307 1238 502 1292 suspicio
514 1242 734 1287 nascatur,
750 1243 974 1280 auctorem
993 1238 1140 1292 primo
1152 1238 1230 1278 illo
1250 1238 1345 1295 loco
1366 1237 1631 1292 simpliciter

103 1293 252 1350 ὕστερον
270 1296 514 1349 scripsisse,
547 1299 592 1336 et
611 1296 830 1338 addidisse
850 1297 1043 1349 aliquem
1064 1297 1276 1343 μετέπειτα
1292 1295 1434 1352 χρόνω,
1465 1297 1515 1336 ut
1535 1293 1629 1336 He-

68 1400 78 1409 ·
101 1351 362 1400 rodoteum;
392 1356 472 1394 aut
491 1353 606 1395 hoc
593 1366 741 1407 ipsum
762 1354 1005 1408 explicasse
1025 1353 1203 1394 verbo“
1182 1370 1361 1408 υστερον.
1346 1354 1363 1394 2
1409 1351 1531 1394 Nam
1547 1365 1629 1394 nec

100 1422 181 1451 usu
203 1409 426 1462 loquendi,
461 1414 676 1464 quantum
695 1412 909 1453 memoria
930 1423 1026 1451 mea
1047 1410 1151 1458 fert,
1169 1423 1216 1451 se
1237 1413 1389 1452 tuetur
1411 1410 1487 1452 ille
1506 1411 1630 1465 pleo-

101 1479 297 1515 nasmus,
316 1480 395 1509 nec.
414 1469 632 1511 sententia
652 1469 747 1510 loci.
808 1468 928 1511 Nam
948 1469 986 1509 si
1003 1469 1134 1523 longo
1150 1472 1253 1522 post
1273 1472 1472 1523 tempore
1486 1468 1630 1522 poeni-

99 1525 240 1567 tuisse
255 1524 516 1579 Cambysem
535 1528 770 1576 diceretur,
786 1528 1019 1570 verborum
1042 1527 1276 1568 multitudo
1297 1526 1411 1568 bene
1427 1526 1626 1568 haberet.

100 1581 232 1624 Nunc
252 1584 456 1636 equidem
475 1585 615 1639 probo
638 1585 732 1626 sine
764 1604 812 1634 μ.
835 1604 907 1642 χρ.
940 1585 1084 1626 solum
1106 1585 1271 1641 ὕστερον,
1306 1584 1425 1638 quod
1454 1584 1630 1626 auctori

100 1652 189 1682 non
208 1642 273 1682 est
291 1641 502 1684 insolens.
564 1642 652 1684 Sic.
675 1643 724 1684 ii.
747 1642 990 1698 52.,ὕστερον
1006 1647 1171 1698 ωολλῷε
1205 1647 1252 1684 et
1273 1643 1339 1684 iii.
1363 1641 1435 1684 65.
1465 1641 1633 1698 ἧμέςῃσι

101 1697 251 1754 ὕστερον
271 1700 321 1740 ὧς
337 1697 461 1741 εἴκοσι.
