1838 3164
175 167 293 206 xxxvi
499 165 787 206 PRAEFATIO
815 164 1073 206 EDITORIS
1101 162 1390 203 HALENSIS.

793 287 830 341 §-
861 284 1023 327 XXIII.

230 365 399 410 Indices
431 369 561 422 hujus
594 368 694 409 libri
727 371 834 414 tres,
863 366 940 420 qui
975 363 1274 419 superioribus
1293 362 1559 407 editionibus
1574 365 1679 420 ,jam

172 425 372 474 aderant,
403 427 676 467 retinuimus.
752 423 944 466 Primum
984 423 1176 463 locorum
1211 421 1487 470 bibliam-um,
1535 426 1580 464 et
1613 437 1678 467 se-

172 482 364 527 cundum
383 487 609 525 auctorum
632 483 883 528 citatorum,
914 478 1247 531 Schoettgenius
1273 478 1379 520 olim
1416 482 1678 535 composuit,

172 544 216 582 et
237 541 417 583 editioni
438 541 578 582 tertiae
596 541 762 594 primus
791 537 965 590 adjecit.
1024 534 1222 576 Tertium
1247 549 1350 578 vero
1369 538 1679 591 loquutionum

173 598 466 652 ellipticarum
500 598 594 652 ipse
628 596 729 637 libri
765 599 916 636 auctor
952 592 1109 634 Bosius
1139 595 1430 644 concinnavit,
1462 598 1506 636 et
1532 607 1587 637 ex
1613 609 1680 638 se-

172 655 315 696 cunda
345 656 539 696 editione
576 656 769 695 retentus
800 654 893 693 est:
927 663 1036 703 quos
1064 650 1239 703 quidem
1273 664 1425 693 omnes
1455 653 1678 706 augendos

172 712 334 754 debitis
367 712 476 756 locis
508 715 553 753 et
582 711 638 752 ad
674 722 828 752 novam
871 709 984 750 hanc
1022 708 1261 751 editionem
1292 710 1677 756 accommodandos

167 782 430 815 curawmus.

801 850 839 904 ξ.
871 847 1029 891 Xx1v.

181 950 185 954 “
228 942 355 990 Quod
386 942 606 996 reliquum
640 944 723 988 est,
753 952 957 993 rogamus
989 937 1192 982 Lectores
1211 941 1460 992 benevoloS,
1491 947 1543 985 ut
1562 944 1678 999 aequi

168 1001 361 1053 bonique
395 1001 621 1042 consulant
647 999 839 1040 studium
859 1001 1125 1054 conatusque
1155 1003 1342 1042 nostros.
1402 1000 1568 1049 Quodsi
1590 1015 1678 1045 uno

169 1059 360 1099 alterove
397 1059 493 1099 loco
530 1057 698 1110 aliquid
733 1056 912 1096 humani
957 1057 1076 1110 passi
1116 1057 1346 1107 fuerimus,
1394 1063 1678 1113 occurratque

168 1115 283 1156 forte
314 1115 621 1156 oculatioribus
657 1114 772 1166 quod
807 1116 1000 1155 nostram
1048 1113 1251 1167 effugerit
1286 1118 1602 1164 attentionem;
1633 1117 1679 1158 id

169 1175 219 1212 ut
252 1172 308 1211 ab
344 1172 451 1225 ipsis
489 1172 695 1221 benevole
729 1170 984 1213 emendetur
1020 1185 1242 1225 rogamus.
1302 1172 1434 1215 Faxit
1455 1173 1594 1222 Deus,
1623 1177 1676 1216 ut

167 1228 291 1268 labor
325 1229 426 1270 huic
456 1228 568 1269 libro
595 1230 818 1282 impensus
839 1228 1053 1270 conducat
1073 1229 1239 1283 aliquid
1266 1230 1541 1276 adulterius
1574 1244 1676 1286 pro-

167 1285 424 1326 movendam
462 1286 759 1338 cognitionem
797 1289 960 1327 certam
994 1291 1038 1328 et
1073 1288 1288 1328 salubrem
1319 1288 1546 1330 divinioris
1576 1289 1674 1331 doc-

166 1344 311 1394 trinae,
342 1356 437 1398 quae
471 1343 723 1397 plenissime
758 1342 1105 1396 lucidissimeque
1144 1346 1190 1385 in
1227 1346 1391 1388 tabulis
1425 1345 1540 1388 Novi
1578 1344 1676 1396 Foe-

169 1399 285 1441 deris
307 1401 582 1450 continetur,
613 1405 658 1443 et
694 1403 817 1455 cujus
858 1402 1037 1443 nucleus
1075 1406 1142 1442 est
1180 1403 1482 1445 testimonium
1504 1403 1557 1445 de
1578 1401 1676 1445 Ser-

168 1461 317 1498 vatore
366 1463 513 1499 nostro
560 1458 668 1500 Jesu
701 1456 895 1507 Christo,
926 1458 1021 1500 ·Dei
1066 1458 1195 1508 Filio,
1221 1462 1296 1516 qui
1327 1462 1674 1515 perfectissimus

169 1517 237 1555 est
267 1515 542 1569 optimusque
571 1518 807 1559 voluntatis
837 1520 881 1558 et
911 1517 1140 1558 verborum
1172 1517 1256 1560 Dei
1286 1519 1515 1573 interpres,
1546 1521 1671 1572 cujus

168 1574 321 1624 gratiae
357 1572 406 1614 L.
444 1573 490 1614 Β.
523 1574 659 1616 etiam
688 1579 822 1628 atque
853 1574 986 1616 etiam
1023 1587 1123 1616 cum
1152 1577 1356 1618 universa
1399 1577 1539 1631 ipsius
1568 1577 1673 1618 civi-

166 1633 258 1671 tate
287 1632 654 1674 commendamus.
717 1630 844 1675 Halae
877 1631 1087 1686 Magdeb.
1119 1633 1215 1676 Kal.
1244 1632 1424 1676 Martiis
1468 1633 1522 1677 A.
1546 1633 1601 1676 R.
1625 1633 1668 1675 S.

168 1700 396 1731 Mncova.
