1838 3164
209 126 268 171 96
580 131 899 175 PLEONASMI
923 126 1352 176 ADVERBIORUM.

211 248 409 296 tum-unt,
438 250 488 289 ut
506 246 878 303 interpretationis
898 247 1152 291 difficultate
1171 248 1520 303 supersederent,
1550 246 1718 303 Evang.

212 301 318 346 Luc.
340 305 370 347 i.
395 303 460 347 15.
492 308 709 354 πνεύματος
739 308 850 355 ἁγίου
882 304 1153 350 πλησθήσεται
1172 306 1228 348 ἐ’τι
1259 309 1301 347 ἐκ
1321 308 1465 348 κοιλίας
1483 307 1631 363 μητρὸς
1649 310 1718 350 αὖ·

210 366 296 404 τοῦ.
356 361 532 405 Dicitur
564 362 789 406 ,Iohannes
824 362 962 405 adhuc
990 363 1161 415 (Germ.
1190 363 1310 416 noch)
1339 365 1385 406 in
1408 368 1534 406 utero
1566 366 1720 408 matris

210 419 306 461 fore
326 421 484 475 spiritu
505 420 549 462 S.
571 422 740 476 plenus.
802 419 1023 462 Potuisset
1050 426 1204 463 auctor
1234 435 1315 476 pro
1345 423 1401 463 ’ἐτι
1430 435 1592 476 ponere
1624 422 1715 472 ἤδη,

211 489 299 529 quo
327 479 494 533 pariter
523 479 825 532 significasset,
853 483 1024 521 mature
1056 479 1305 527 admodum,
1336 484 1382 521 et
1409 481 1550 534 prius,
1580 493 1715 534 quam

209 534 326 587 aliis,
354 534 546 577 Johanni
577 537 684 578 illud
713 536 962 588 contigisse.
1040 535 1127 578 Sed
1155 538 1211 578 ’έτι
1239 538 1387 591 paullo
1420 538 1598 590 gravius
1633 542 1715 589 est,

207 593 316 645 quia
362 594 581 646 significat
616 594 876 636 antecedens
921 593 1140 647 quoddam
1177 598 1221 636 et
1257 595 1467 636 remotius
1503 597 1716 650 temporis

208 650 402 703 spatium
431 651 624 693 nondum
643 655 863 699 exactum,
894 655 939 692 et
969 653 1110 704 magis
1130 652 1327 693 absolute
1357 652 1713 701 consideratum

0 717 20 739 ἐ
92 728 155 768 „⁸253
206 719 307 749 cum
326 706 400 752 ’ἤδη
419 710 598 751 omnino
625 710 842 751 referatur
859 708 928 749 -ad
947 712 1121 762 tempus
1141 709 1388 763 insequens,
1418 723 1499 764 pro
1520 724 1590 752 res
1607 713 1713 752 item

21 782 34 790 v<
88 762 154 815 f·
206 764 300 807 fieri
321 768 528 820 potuerit.
586 765 750 808 Verum
771 766 947 808 facilius
966 767 1075 808 talia
1092 779 1221 808 sensu
1241 768 1557 822 percipiuntur,
1579 781 1714 822 quam

208 823 352 865 verbis
390 824 680 866 declarantur.
739 822 777 865 E
805 824 934 865 dictis
977 828 1127 866 autem
1165 828 1304 878 patet,
1337 824 1400 865 καὶ
1427 830 1484 867 νῦν
1515 826 1572 866 ’ἐτι
1611 827 1712 880 plus

203 881 468 934 significare,
497 894 629 934 quam
662 881 726 922 καὶ
756 885 829 933 νῦν,
857 882 964 935 quia
992 895 1047 922 ex
1066 882 1122 922 ’ἐτι
1153 882 1414 934 intelligitur
1442 883 1579 924 fuisse
1607 889 1715 925 tem-

203 950 304 992 pus,
334 953 421 992 quo
451 952 519 980 res
547 941 799 980 constanter
828 939 966 988 fieret,
996 943 1047 980 ut
1079 938 1280 992 Xenoph.
1314 937 1415 992 Cyri
1457 938 1577 981 Disc.
1609 941 1637 981 i.
1669 940 1713 989 2,

100 989 137 1030 ⁸³1,
210 993 277 1037 16.
310 994 460 1049 Odyss.
482 996 538 1038 Ω.
565 996 659 1040 185.
718 995 848 1038 Diod.
872 996 959 1038 Sic.
992 998 1022 1038 i.
1053 996 1115 1038 10.
1177 996 1349 1038 Heracl.
1384 997 1437 1038 de
1464 997 1634 1052 politiis
1667 1011 1715 1052 p.

204 1065 263 1094 m.
297 1052 395 1095 504.
465 1053 668 1108 Denique
707 1055 994 1096 cum.futuro
1034 1055 1167 1096 etiam
1205 1057 1410 1108 Junctum
1451 1055 1713 1108 interpretes

202 1110 297 1154 fere
342 1112 599 1165 negligunt:
645 1112 722 1154 sed
763 1116 830 1154 est
866 1111 1067 1167 amplius,
1109 1116 1153 1153 et
1186 1112 1494 1165 negationibus
1524 1113 1713 1154 maxime

202 1169 292 1210 vim
313 1169 471 1211 tribuit
489 1183 574 1212 non
597 1171 822 1223 exiguam,
852 1174 903 1211 ut
923 1169 1049 1212 Dem.
1079 1167 1180 1211 Cor.
1200 1184 1237 1211 c.
1257 1169 1340 1210 53:
1373 1168 1449 1211 οὐδ’
1469 1167 1512 1210 ἂν
1536 1199 1547 1211 .
1582 1201 1593 1211 .
1626 1202 1637 1212 .
1658 1171 1715 1212 ἐ’τι

201 1228 526 1276 συμπνευσόντων,
555 1241 774 1286 nunquam
809 1226 993 1285 amplius
1027 1228 1080 1284 (s.
1116 1226 1235 1270 nullo
1268 1240 1457 1284 unquam
1481 1232 1581 1284 post
1614 1233 1715 1270 tem-

196 1284 320 1339 pore)
339 1283 657 1341 conspiraturz's.

260 1339 347 1384 Rei
361 1344 553 1385 accessio
573 1357 687 1399 saepe
715 1344 985 1397 significatur
1004 1355 1104 1383 cum
1122 1343 1364 1397 pleonasmi
1386 1343 1548 1397 specie,
1578 1347 1630 1384 ut
1657 1343 1713 1383 ’ἐτι

204 1396 244 1438 δὲ
274 1398 368 1454 πρὸς
401 1403 570 1442 rodmar:
602 1415 692 1455 qua
711 1402 758 1442 in
791 1401 980 1443 formula
1000 1400 1068 1441 vel
1099 1400 1157 1440 ’έτι
1191 1399 1229 1440 δὲ
1259 1401 1327 1441 vel
1359 1416 1425 1454 πρ.
1461 1416 1500 1440 τ.
1531 1412 1714 1454 prorsus

202 1455 426 1498 abundare
445 1458 633 1500 videtur.
691 1457 778 1500 Sed
808 1456 1104 1499 multitudinis
1135 1457 1251 1498 inest
1286 1457 1561 1510 significatio,
1592 1461 1637 1499 et
1656 1457 1712 1497 ’έτι

201 1511 243 1554 δὲ
267 1515 431 1556 excitat
450 1516 674 1565 lectorem,
708 1521 758 1557 ut
774 1528 990 1558 summam
1021 1515 1147 1567 quasi
1178 1527 1324 1555 rerum
1354 1514 1570 1562 conficiat,
1601 1527 1713 1556 rem-

201 1582 288 1624 que
308 1572 436 1614 rebus
457 1573 653 1615 additam
673 1575 802 1627 quasi
821 1573 1001 1626 majoris
1021 1584 1113 1612 esse
1130 1572 1338 1613 momenti
1356 1572 1596 1612 existimet.

258 1626 581 1685 Comparativis
619 1632 905 1686 praepositum
942 1631 997 1669 ’ἑτι
1028 1641 1115 1669 non
1142 1632 1209 1669 est
1238 1627 1385 1678 multo,
1423 1632 1473 1670 ut
1512 1628 1711 1675 nonnulli

201 1691 395 1736 vertunt,
426 1688 502 1729 sed
523 1692 699 1730 tantum
719 1687 956 1744 aliquanto,
978 1687 1067 1727 sive
1087 1684 1231 1734 etiam,
1251 1687 1369 1739 quod
1390 1686 1576 1727 versioni
1596 1699 1714 1741 saepe

200 1744 350 1798 aptius
370 1748 452 1786 est.
513 1742 581 1786 Cf.
605 1744 694 1788 Cic.
719 1745 935 1787 Paradox.
957 1744 1017 1787 vi.
1051 1743 1085 1784 1.
1114 1744 1189 1784 ubi
1224 1743 1385 1799 majore
1419 1742 1550 1784 etiam
1569 1748 1636 1785 est
1654 1744 1711 1784 ἐ’τι

201 1802 371 1843 πλείονος
407 1801 488 1855 (sc.
527 1802 615 1858 δεῖ.)
693 1803 813 1845 Nam
848 1802 958 1844 illud
996 1800 1150 1849 multo,
1191 1799 1293 1842 πολὺ
1322 1814 1358 1842 s.
1391 1806 1546 1857 πολλῷ,
1575 1806 1712 1857 μακρῷ

200 1859 363 1901 diserte
382 1866 436 1918 τῷ
459 1860 646 1903 ἕτιεοΙΕι
664 1860 864 1915 adjungi,
892 1865 942 1901 ut
960 1858 1160 1913 Xenoph.
1183 1857 1316 1900 Mem.
1338 1859 1385 1900 ii.
1419 1858 1457 1907 1,
1478 1857 1550 1900 27.
1609 1857 1713 1899 Alia

201 1919 421 2016 perlmglta
453 1920 654 1976 exempla
686 1924 810 1976 petes
841 1931 864 1960 e
894 1915 1041 1960 Fisch.
1069 1916 1297 1959 Animadv.
1328 1917 1384 1958 ad
1402 1914 1532 1958 Well.
1560 1914 1638 1958 Gr.
1660 1916 1710 1959 ii.

848 2063 1066 2108 Ε’ΥΘΎΣ.

261 2143 372 2188 Cum
390 2145 503 2189 εὐθὺς
524 2146 639 2190 idem
659 2147 717 2188 sit
737 2146 853 2200 quod
879 2147 913 2187 ἐν
934 2149 1045 2202 α’ρχῆ
1079 2144 1139 2200 (v.
1160 2143 1304 2187 Schol.
1325 2144 1554 2200 Aristoph.
1587 2143 1706 2187 Nub.

208 2202 352 2260 1046.)
382 2206 684 2261 pleonasmum
716 2205 929 2246 habemus
948 2205 994 2244 in
1016 2187 1217 2258 Xenoph.
1254 2201 1355 2258 Cyri
1391 2201 1512 2244 Disc.
1549 2203 1626 2243 vii.
1660 2200 1729 2250 2‚'

209 2261 274 2303 16.
298 2261 410 2304 εὐθὺς
426 2262 468 2312 ἐξ
487 2265 616 2319 ἀρχῆς
634 2266 678 2304 et
697 2262 751 2304 de
771 2261 883 2317 Rep.
906 2260 1008 2302 Lac.
1029 2261 1123 2302 viii.
1145 2260 1187 2302 4.
1209 2259 1323 2302 εὐθὺς
1342 2262 1603 2315 παραχρῆμα.
1656 2258 1709 2301 In

202 2321 367 2362 talibus
388 2319 501 2362 εὐθὺς
534 2324 748 2362 monstrat
769 2333 943 2362 sensum
961 2319 1215 2374 posterioris
1244 2318 1472 2372 particulae
1493 2322 1625 2370 atque
1645 2317 1710 2359 ita

202 2377 388 2419 inservit
416 2379 739 2433 perspicuitati.
798 2377 950 2419 Solum
970 2375 1011 2426 ἐξ
1031 2379 1159 2431 ἀρχῆς
1186 2379 1336 2429 posset
1368 2375 1480 2415 hanc
1508 2376 1599 2416 vim
1635 2375 1710 2417 ha-

202 2434 324 2484 bere,
354 2434 551 2477 Croesum
569 2436 871 2478 tantummodo
899 2435 956 2476 ab
987 2434 1116 2475 initio
1145 2434 1424 2475 adversatum
1454 2445 1548 2474 esse
1578 2431 1710 2487 Apol-

201 2493 301 2542 lini,
331 2493 536 2549 deinceps
566 2498 713 2536 autem
744 2494 987 2548 sapientius
1017 2491 1174 2545 egisse.
1233 2489 1320 2531 Sed
1339 2490 1566 2545 praemisso
1595 2487 1709 2531 εὐθὺς

202 2551 507 2603 intelligimuS,
555 2565 655 2593 eum
703 2565 758 2593 ne
807 2552 863 2592 ab
901 2550 1030 2591 initio
1069 2549 1247 2602 quidem
1282 2550 1355 2603 pie
1392 2547 1436 2589 et
1471 2548 1711 2602 prudenter

203 2609 363 2661 egisse,
395 2610 555 2650 nedum
575 2610 620 2650 in
652 2610 779 2651 rebus
807 2609 1012 2662 deinceps
1041 2607 1164 2648 actis.
1222 2604 1271 2646 In
1303 2606 1444 2647 altero
1473 2607 1569 2647 loco
1597 2602 1711 2645 εὐθὺς

202 2666 408 2714 ostendit,
443 2669 691 2722 παραχρῆμα
710 2667 889 2721 proprie
917 2665 1177 2720 capiendum
1207 2676 1316 2712 esse,
1346 2663 1472 2715 quasi
1498 2664 1711 2716 scriptum

201 2725 262 2765 sit
280 2737 290 2764 z
312 2726 400 2779 παρ’
422 2724 516 2764 αὐτὸ
540 2724 584 2764 τὸ
600 2727 758 2779 χρῆμα,
779 2725 810 2765 i.
827 2737 866 2765 e.
880 2721 930 2764 in
944 2720 1037 2778 ipso
1052 2727 1166 2769 actu,
1186 2734 1273 2762 non
1289 2725 1541 2775 exspectata
1555 2732 1711 2772 nempe

201 2782 353 2835 ailqua
366 2782 523 2834 Judicii
545 2782 706 2829 forma,
735 2785 813 2823 aut
832 2781 970 2822 dilata
997 2791 1257 2833 quoeunque
1287 2779 1415 2819 modo
1435 2789 1579 2831 poena.
1639 2775 1707 2817 Si-

201 2839 367 2881 militer
386 2838 520 2887 alibi;
551 2844 602 2880 ut
621 2838 803 2892 Dionys.
836 2837 940 2879 Hal.
959 2838 1053 2879 viii.
1079 2850 1125 2891 p.
1146 2835 1244 2878 495.
1269 2834 1381 2876 ἕωθεν
1411 2832 1525 2876 εὐθὺς
1543 2834 1709 2878 dmm-42·

198 2913 271 2938 σας
291 2896 360 2940 τῆν
380 2895 533 2944 δύναμιν
552 2895 643 2945 ἦγεν
667 2896 729 2937 ἐπὶ
760 2894 977 2951 Κορβιῶνα,
990 2893 1136 2951 prima
1155 2893 1300 2936 statim
1317 2892 1408 2934 luce
1423 2894 1506 2934 etc.
1567 2890 1709 2939 Patet,

199 2953 312 2998 ἕωθεν
349 2967 444 2998 esse
479 2955 750 3011 praecipuum
785 2954 983 3003 verbum,
1014 2956 1060 2996 et
1089 2965 1226 2996 unum
1259 2950 1450 2995 maxime
1486 2949 1710 2993 attenden-
