1838 3164
764 142 774 152 ·
788 132 1107 162 muoz—mn.
1632 114 1722 160 309

187 227 323 276 idem,
352 229 471 283 quod
510 230 640 283 modo
671 229 781 278 dixi,
810 230 958 273 valet:
1006 234 1110 272 sunt
1146 230 1280 281 enim,
1310 235 1482 288 opinor,
1514 233 1717 276 neutrius

186 287 376 339 generis.
436 286 738 342 Confisspigr.
760 288 910 343 adesp.
931 289 989 329 xi.
1011 288 1166 336 ven-3.
1190 290 1294 331 κατὰ
1312 294 1395 332 πᾶν
1413 290 1589 339 ἦλγηκα.
1635 289 1712 333 Sic

185 343 322 387 etiarn
354 346 496 388 solum
529 349 728 393 neutrum
773 347 908 387 πάντα
941 346 1023 400 pro
1058 346 1281 388 adverbio*
1299 350 1458 389 πάντως
1500 350 1710 402 reperias.

186 399 771 455 Vichbreschstnitfiadv.
795 403 850 444 ad
871 401 1064 457 AEschyl.
1088 405 1167 447 lib.
1189 405 1254 445 iii.
1275 419 1319 460 p.
1342 405 1437 447 131.
1461 406 1538 446 ubi
1562 407 1707 460 ipsum

183 458 295 500 illud
317 460 423 501 κατὰ
440 461 590 508 πάντα,
609 461 715 502 item
735 463 786 502 εἰς
804 463 957 508 πάντα,
992 466 1108 504 recte
1127 463 1315 505 confert.
1375 462 1485 504 Add.
1510 462 1706 505 Brunck.

183 516 242 557 ad
261 516 465 572 Sophocl.
482 515 686 560 Trachin.
708 532 748 559 v.
769 518 868 560 338.
898 519 1004 574 (Sed
1021 521 1074 561 ad
1095 518 1298 575 Euripid.
1333 520 1481 562 Orest.
1504 534 1547 562 v,
1574 520 1703 562 1112.

183 574 253 616 vir
290 575 477 616 eximius
512 575 700 618 fallitur.
762 575 884 618 Bene
919 578 1181 634 Porsonus.)
1225 577 1449 633 Somnum]
1522 577 1575 620 In
1607 582 1704 620 τοῖον

181 631 296 685 apud
318 629 496 673 Homer.
531 631 687 687 Odyss.
721 634 776 675 A.
811 633 912 676 209.
946 637 1008 690 pl.
1039 636 1144 677 nard
1174 640 1271 678 τοῖον
1291 638 1438 692 τρόπον.
1498 634 1549 677 In
1583 637 1701 677 ἐλεόν.

181 686 506 745 Hesiod.⁸Ep7.
546 705 584 733 v.
639 691 740 733 205.
819 692 1163 746 [Adverbialiter
1202 695 1367 737 dicitur
1403 707 1486 748 pro
1518 696 1700 735 ἐλεεινῶς.

175 744 403 804 Semnum]
463 746 513 789 In
533 754 588 806 τῷ
607 767 648 790 κε
680 750 795 805 apud
832 749 1016 793 Homer.
1044 750 1173 794 Iliad.
1198 752 1260 794 Δ.
1289 766 1327 793 v.
1350 750 1451 794 290.
1511 751 1587 794 Sic
1614 751 1699 793 La·
1757 753 1766 761 '

172 804 257 903 {2¹³
275 805 323 903 iSn
345 804 422 847 hoc
439 806 535 848 sub.
552 806 693 849 modo.
755 807 1066 851 Horatiuslib.
1087 811 1119 852 i.
1141 814 1222 852 sat.
1239 810 1298 853 vi.
1314 809 1386 852 41.
1408 814 1455 852 et
1474 810 1582 852 ibid.
1604 822 1698 851 ver.

201 869 213 878 “
234 893 244 903 .
310 876 495 905 cnwnn.
998 880 1001 882 ·

615 939 642 966 *²
661 938 988 991 ΤΡΟΦΑΛΙΣ,
1018 940 1256 984 GASEUS.

227 1018 279 1062 In
299 1034 341 1063 v.
362 1021 501 1064 ωακτῆ
523 1022 722 1063 absolute
738 1023 889 1077 posito
898 1023 1028 1092 apud
1044 1022 1265 1066 Theocrit.
1286 1021 1411 1077 Idyn.
1433 1023 1498 1066 xi.
1518 1022 1592 1065 20.

343 1078 564 1135 Λευκοτέρα
583 1083 744 1121 waaris
762 1080 946 1121 ποτιδειν.

170 1134 270 1178 Vid.
290 1136 435 1179 Schol.
454 1135 529 1178 Gr.
560 1137 775 1179 Scnwssn.
835 1137 972 1180 Idem.
994 1138 1120 1194 Idyll.
1138 1152 1213 1181 xx.
1236 1138 1307 1181 26.

339 1192 400 1236 Τὸ
415 1196 543 1244 στόμα
562 1195 626 1236 καὶ
639 1199 802 1236 wax-ris·
820 1199 1231 1253 *γλυκερώτερον-

166 1250 245 1293 ubi
266 1250 579 1294 Valckenarius
602 1254 646 1294 in
666 1254 770 1294 edit.
803 1251 966 1295 Decem
994 1253 1118 1308 Idyll.
1140 1268 1184 1309 p.
1212 1253 1305 1295 161.
1326 1254 1372 1295 b.
1405 1260 1438 1280 ‘⁶
1462 1252 1555 1296 Lac
1573 1267 1692 1297 coac-

166 1315 268 1362 mm,
287 1310 444 1353 πηκτὸν
472 1312 598 1359 «γάλα,
637 1311 894 1365 pastoribus
930 1316 1026 1353 erat
1063 1312 1372 1353 Siciliensibus
1401 1312 1559 1362 ωακττὶ,
1587 1325 1693 1355 voce

163 1367 316 1410 forsan
335 1370 497 1417 τάμισος
527 1369 805 1423 suppressa.'’
864 1367 966 1410 Non
1002 1371 1248 1411 assentior:
1282 1370 1445 1417 τάμισος
1464 1369 1583 1410 enim
1605 1373 1691 1419 est,

164 1437 252 1467 non
287 1425 356 1468 lac
381 1435 587 1475 coactum,
624 1427 701 1468 sed
734 1426 851 1480 quod
882 1427 1003 1480 cogit
1031 1429 1118 1477 lac,
1152 1426 1395 1483 coagulum.
1456 1424 1692 1482 Oppianus

165 1481 447 1538 Cyneget.iv.
465 1498 554 1526 ver.
576 1484 678 1526 271.

335 1540 420 1583 Ka}
454 1545 607 1599 ταμίσῳ
637 1547 792 1599 πρῶτος
824 1544 934 1593 ’γάλα
953 1542 1131 1594 wiffam,

161 1598 334 1641 Πακτᾶν
352 1605 398 1642 et
416 1602 530 1655 κηρία
550 1604 724 1649 σίμβλων
763 1615 800 1643 s.
821 1605 917 1656 μέλ(
935 1603 1088 1656 jungit.
1106 1601 1303 1644 Joannes
1326 1598 1513 1642 Barbuc.
1535 1598 1691 1655 Epigr-

161 1657 228 1698 iii.
308 1657 516 1700 Ceterum
554 1657 816 1701 Theocritea
854 1660 1018 1714 prioris
1058 1661 1144 1702 loci
1184 1671 1415 1713 compares
1454 1672 1553 1700 cum
1603 1657 1692 1700 Ex-

85 1720 96 1732 ‘
158 1717 325 1770 cen-ptis
345 1730 399 1758 ex
422 1716 617 1758 Diodoro
638 1716 725 1759 Sic.
748 1717 802 1758 de
822 1717 935 1759 Virt.
967 1721 1011 1759 et
1026 1717 1117 1759 Vit.
1141 1721 1174 1758 t.
1202 1719 1249 1759 ii.
1270 1731 1313 1771 p.
1334 1715 1437 1763 546,
1457 1714 1529 1757 26.
1585 1714 1691 1757 “On

160 1774 179 1813 ὃ
196 1773 315 1815 αὐτὸς
334 1773 570 1822 Σαλμωνεὺς
590 1776 704 1828 ’ἔσχεν
726 1773 925 1831 θυγατέρα
946 1773 1079 1830 Τυρὼ,
1103 1775 1189 1819 ἥτις
1210 1774 1271 1815 διὰ
1290 1774 1360 1816 τὴν
1381 1775 1603 1816 λευκότητα
1623 1772 1691 1813 καὶ

159 1830 231 1873 τὴν
269 1836 337 1873 τοῦ
376 1834 555 1881 σώματος
593 1834 860 1879 μαλακότητα
900 1835 1050 1875 ταύτης
1087 1835 1160 1877 τῆς
1201 1833 1461 1887 προσηγορίας
1505 1833 1690 1884 τέτυχεν.

84 1892 86 1895 ’
159 1885 362 1930 Sonant.

639 1947 666 1973 ³⁵
684 1945 907 1996 ΤΡΟΦΗ,
941 1946 1131 1990 CIBUS.

213 2026 327 2070 Vide
346 2042 482 2083 supra
502 2030 548 2070 in
579 2028 742 2085 Βρᾶῖμα.
773 2030 1043 2071 senona-0.
1087 2074 1090 2077 ,

520 2116 541 2139 *
570 2110 926 2159 ΤΥΡΑΝΝΟΣ,
967 2109 1312 2154 TYRANNUS.

205 2185 269 2228 ‘Oi
288 2189 506 2243 τριάκοντα,
538 2185 740 2244 Triginta
764 2186 969 2242 Tyranni.
1033 2185 1235 2228 AElianus
1251 2185 1359 2227 Var.
1386 2183 1506 2226 Hist.
1532 2186 1581 2227 ii.
1610 2186 1681 2229 11.

152 2248 196 2286 et
214 2246 283 2287 iii.
307 2245 373 2287 17.
434 2244 634 2287 Historia
668 2248 861 2300 ipsorum
897 2246 1010 2286 alias
1048 2246 1157 2286 satis
1185 2249 1253 2286 est.
1289 2246 1427 2285 notat.
1490 2242 1682 2297 [Ἀναλο-

153 2305 315 2359 ‘ringor
334 2304 572 2344 subaudias
594 2302 731 2359 ἄνδρες.
793 2302 867 2344 Sic
896 2305 927 2343 οἱ
948 2305 1251 2358 τετταράκοντα,
1286 2303 1318 2342 οἶ
1340 2300 1484 2348 ἕνδεκα,
1512 2303 1545 2341 οἷ
1574 2319 1681 2355 τρια-

153 2361 276 2400 κόσιοι.
335 2359 474 2414 Inque
493 2359 706 2402 Romanis
736 2362 864 2402 rebus
886 2363 917 2401 οἶ
937 2360 1018 2408 δύο,
1040 2363 1072 2401 οἱ
1088 2363 1205 2417 τρεῖς,
1241 2362 1273 2400 οἷ
1293 2361 1487 2413 τέσσαρες,
1508 2360 1540 2399 οἱ
1571 2357 1678 2408 δέκα,

152 2419 185 2458 οἱ
219 2418 348 2466 eiiam,
369 2425 451 2460 etc.
514 2417 642 2460 Conf.
665 2419 753 2460 Dio
788 2418 909 2460 Cass.
934 2423 966 2459 t.
990 2420 1019 2459 i.
1042 2431 1084 2473 p.
1106 2418 1206 2459 757.
1236 2418 1311 2458 ubi
1335 2429 1376 2456 v.
1407 2414 1479 2457 92.
1515 2417 1644 2470 plene
1664 2432 1676 2458 :

150 2474 239 2516 τοὺς
270 2475 380 2516 εἴκοσι
400 2479 652 2524 καλουμένους
667 2476 813 2532 ἄνδρας.
876 2475 1022 2518 Possis
1042 2476 1178 2517 etiam
1210 2474 1412 2529 ἄρχοντες.
1475 2473 1549 2514 Sic
1569 2473 1677 2516 Dio-

148 2534 279 2574 dorus
299 2533 388 2576 Sic.
426 2534 502 2574 lib.
536 2535 632 2574 xiii.
661 2549 699 2576 c.
740 2534 835 2575 102.
865 2537 896 2574 οἳ
930 2532 1149 2587 ταχθέντες
1183 2534 1256 2574 ὑπὸ
1291 2537 1365 2573 τῶν
1396 2534 1516 2580 νόμων
1548 2531 1677 2575 ἕνδεκα

148 2590 347 2645 ἄρχοντες.
379 2590 601 2646 SCHAEF]
634 2590 753 2633 Idem
773 2593 853 2634 lib.
875 2593 955 2633 xii.
975 2605 1013 2633 c.
1040 2592 1105 2634 18.
1139 2591 1368 2633 Ammonos&
1389 2593 1461 2634 τῆς
1480 2588 1674 2633 Σικελίας.

146 2661 207 2691 sc.
221 2647 424 2705 Τύραννος.
456 2648 707 2691 SCHOETTG
715 2682 725 2691 .

625 2744 648 2768 ᾖ
677 2738 869 2789 ΤὙΧΗ,
891 2738 1008 2783 FOR
1019 2738 1194 2782 TUNA.

201 2813 252 2856 In
283 2817 344 2857 ἐπ’
366 2816 464 2863 ἴσης,
497 2815 613 2871 quod
644 2829 757 2870 saepe
792 2817 983 2857 occurrit
1003 2814 1133 2870 apud
1165 2813 1511 2855 Artemidorum.
1573 2810 1672 2854 Nos

144 2885 282 2916 unum
316 2875 471 2916 saltem
501 2875 645 2915 locum
673 2875 930 2915 adducimus
962 2887 1018 2914 ex
1041 2875 1065 2914 i.
1087 2871 1159 2914 26.
1182 2886 1227 2926 p.
1250 2872 1320 2913 26.
1355 2869 1450 2911 Ἐπ’
1486 2870 1568 2913 ἴσης
1595 2871 1670 2926 1γὰρ

144 2937 200 2987 τῷ
219 2936 355 2986 τυφλῶ
375 2934 394 2973 ὅ
412 2933 593 2988 προάγων
624 2934 659 2974 ἐν
689 2931 815 2988 δρόμῳ
850 2934 920 2973 οὐκ.
951 2930 996 2974 ἂν
1028 2931 1099 2972 ἴδοι
1132 2929 1221 2972 τοὺς
1254 2930 1480 2979 ἀγωνιστάς.
1532 2927 1676 2983 AEq‘ue
