1838 3164
182 127 258 169 17ss
548 131 620 169 DE
653 129 858 171 ELLIPSI
891 129 961 169 ET
989 125 1326 170 PLEONASMO

174 254 219 295 p.
236 241 335 284 437.
359 254 478 298 seqq.
500 241 600 283 443.
622 241 719 284 444.
751 241 852 283 456.
877 240 973 281 464.
1035 237 1200 280 Eadem
1235 251 1304 280 res
1324 242 1405 284 est,
1435 237 1514 279 ubi
1533 236 1692 279 abiati-

175 313 255 340 vus
288 301 653 353 significationem
691 300 824 342 habet
858 311 1040 345 caussae,
1069 298 1126 338 ob
1159 310 1292 353 quam
1326 294 1433 352 quid
1453 295 1545 344 fiat,
1577 293 1696 351 quod

174 357 381 412 frequens
401 362 468 399 est
486 358 604 412 apud
625 363 792 413 poetas.

233 414 318 456 Sed
338 429 392 457 ne
414 417 458 457 in
480 417 630 457 dativo
645 416 821 472 quidem
842 414 957 454 ullus
976 417 1041 455 est
1062 412 1390 468 praepositionis
1412 423 1536 458 uem,
1560 422 1714 466 quum>

175 471 334 514 ἕπεσθαι
354 475 420 515 vel
444 471 663 515 ἀκολουθεῖν
687 473 753 514 τινὶ
773 473 951 518 dicitur,
973 472 1090 526 quod
1112 484 1153 525 p.
1175 469 1273 511 455.
1297 470 1460 511 omisso
1479 468 1584 517 μετὰ
1602 467 1695 508 fieri

174 534 372 585 putatur.
436 531 593 586 Neque
614 531 840 572 obscurius
861 533 943 576 est,
973 532 1024 570 ut
1057 527 1132 569 ἴσος
1162 529 1231 568 vel
1268 527 1391 576 ὅμοιός
1422 543 1488 567 τινι
1522 524 1712 572 dicitur„

176 588 239 629 sic
258 589 394 630 etiam
417 590 433 627 ὅ
455 590 572 629 αὐτὸς
591 606 657 628 τινι
678 589 782 634 dici,
815 587 930 641 quod
953 599 1038 627 non
1070 586 1232 626 rectius
1261 598 1340 640 per
1363 583 1540 638 ellipsin
1560 582 1701 637 expli-

175 650 277 687 cant
296 659 341 700 p.
364 644 461 687 465.
495 658 626 701 quam
649 659 781 702 quum
802 645 857 685 ad
877 643 963 691 ἅμα
988 642 1055 684 τινὶ
1075 656 1118 697 p.
1141 642 1240 684 463.
1275 640 1337 684 σὺν
1366 641 1699 694 intelligendum

175 708 371 745 censent.

234 760 321 802 Sed
339 761 503 816 duplex
523 760 926 802 commemorandus
958 761 1026 799 est
1059 758 1196 799 dativi
1229 770 1350 804 usus,
1381 756 1457 812 qui
1489 757 1700 810 majorem

177 819 310 859 habet
343 821 515 863 omissae
547 819 871 873 praepositionis
901 817 1104 870 speciem.
1162 813 1290 856 Talia
1323 816 1458 862 enim,
1489 821 1540 856 ut
1569 811 1701 857 Ἀθή-

177 893 273 931 νῃσι,
296 875 506 924 Σαλαμῖνι,
529 874 712 932 ὑπερωΐῳ,
734 874 898 929 &zigaton
923 873 1014 929 τῇδε
1035 874 1177 928 ἡμέρᾳ,
1201 885 1335 928 quum
1354 885 1435 927 per
1456 872 1700 913 ablativum

176 934 384 987 explicari
419 936 650 989 nequeant,
681 932 793 973 nihil
833 932 1010 979 mirum,
1041 933 1078 972 si
1112 943 1139 971 a
1168 931 1393 985 plerisque
1413 929 1607 984 elliptica
1625 928 1704 970 ha-

177 991 348 1033 bentur.
418 991 479 1032 At
514 1004 568 1031 ne
605 991 675 1031 hic
711 989 886 1045 quidem
923 990 1066 1044 ellipsi
1104 1001 1217 1042 opus
1253 990 1336 1035 est,
1383 987 1487 1042 quia
1526 986 1701 1032 dativus

175 1049 310 1090 etiam
338 1050 432 1090 sine
462 1049 776 1102 praepositione
802 1047 975 1088 sufficit.
1039 1044 1157 1087 Nam
1189 1045 1305 1101 quod
1336 1044 1470 1086 alicui
1506 1044 1570 1086 rei
1604 1054 1702 1091 esse

175 1104 379 1154 dicimus,
414 1107 456 1148 id
479 1119 534 1148 ne
553 1108 697 1160 potest
717 1106 892 1161 quidem
914 1106 1045 1146 aliter
1064 1104 1231 1144 dictum
1252 1102 1414 1157 accipi,
1447 1102 1532 1143 nisi
1553 1101 1632 1150 sic,
1652 1106 1702 1143 ut

175 1164 344 1205 adeam
365 1177 457 1206 rem
479 1164 651 1211 referri,
667 1168 713 1204 et
733 1177 847 1204 nunc
868 1162 1046 1218 proprie
1067 1162 1112 1203 in
1133 1174 1186 1202 ea
1206 1163 1366 1208 inesse,
1396 1163 1446 1201 ut
1467 1160 1493 1203 ἡ
1522 1157 1700 1215 Ἀθήνῃ·

178 1238 230 1261 σιν
259 1223 477 1277 ἀκρόπολις,
508 1235 603 1269 am,
637 1234 727 1277 quae
753 1227 813 1262 est
842 1219 941 1261 urbi
965 1219 1244 1266 Athenarum,
1279 1219 1368 1260 sive
1399 1229 1528 1274 quam
1547 1214 1703 1258 habent

177 1276 369 1327 Athenae,
401 1292 515 1321 nunc
548 1281 592 1322 in
628 1280 724 1331 ejus
753 1282 974 1333 potestate
1005 1291 1100 1319 esse
1131 1277 1419 1329 significetur,
1451 1282 1502 1316 ut
1529 1274 1609 1316 ’ἐστι
1639 1291 1703 1322 μοι
1765 1306 1768 1310 .

178 1335 277 1391 δόρυ.
354 1335 540 1378 Fallitur
573 1350 677 1390 ergo
714 1335 976 1377 Latinorum
1004 1348 1085 1376 usu
1123 1334 1331 1388 deceptus
1366 1331 1538 1379 Bosius,
1567 1344 1707 1388 quum

92 1394 221 1448 163p.
242 1394 340 1436 434.
374 1394 649 1442 Λακεδαίμονι,
679 1399 724 1435 et
755 1407 850 1448 quae
885 1398 987 1434 sunt
1017 1393 1148 1444 hujus
1171 1392 1345 1444 generis
1371 1391 1474 1437 alia,
1509 1401 1597 1430 non
1627 1389 1703 1430 da-

178 1452 287 1499 tivo,
320 1452 393 1492 sed
424 1452 618 1492 ablativo
650 1464 752 1491 casu
794 1451 880 1491 dici
916 1449 1153 1491 contendit.
1236 1447 1334 1495 Quo
1374 1459 1496 1494 casu,
1527 1446 1603 1501 qui
1643 1445 1702 1487 ab

179 1509 300 1550 hisce
319 1509 533 1563 exemplis
554 1509 854 1549 alienissimus
890 1514 972 1555 est,
1006 1520 1060 1547 ne
1092 1504 1285 1546 Romani
1308 1504 1500 1560 quidem,
1532 1503 1704 1559 opinor,

179 1565 265 1607 nisi
299 1566 486 1621 quadam
520 1565 903 1620 pronunciationis
941 1563 1229 1617 negligentia,
1262 1574 1397 1617 quum
1418 1561 1551 1614 vulgo
1583 1560 1706 1612 abla-

179 1623 320 1665 tivum
345 1625 456 1665 male
491 1636 518 1664 a
538 1623 687 1664 dativo
708 1623 1017 1672 discernerent,
1046 1621 1114 1661 uti
1149 1623 1393 1674 coeperunt,
1423 1618 1625 1673 recteilli
1657 1619 1705 1660 in

181 1681 299 1728 aliis,
330 1681 404 1722 sed
426 1682 578 1735 paucis
599 1680 815 1734 exemplis
838 1692 985 1720 veram
1004 1679 1220 1719 rationem
1242 1679 1479 1723 servantes,
1496 1677 1547 1716 ut
1569 1689 1705 1731 quum

180 1738 275 1779 ruri
308 1743 352 1779 et
384 1750 482 1779 rure
514 1738 808 1791 distinguunt.
870 1735 1001 1790 Apud
1029 1734 1206 1776 Graecos
1233 1733 1410 1786 quidem
1445 1734 1481 1774 si
1511 1733 1704 1788 plerum-

182 1808 268 1848 que
291 1796 548 1848 adjungitur
578 1795 851 1849 praepositio,
883 1795 927 1834 id
963 1798 1133 1834 tantum
1165 1793 1304 1839 abest,
1334 1795 1402 1839 ut,
1431 1791 1510 1832 ubi
1531 1803 1619 1833 non
1641 1795 1708 1833 est

182 1854 370 1906 adjecta,
405 1866 484 1907 per
522 1854 697 1907 ellipsin
731 1854 894 1893 omissa
923 1851 1072 1906 putari
1095 1850 1270 1897 debeat,
1303 1853 1353 1890 ut
1375 1849 1533 1900 magis,
1564 1861 1701 1902 quum

184 1911 285 1951 addi
337 1923 434 1952 eam
479 1924 566 1951 non
616 1912 676 1951 sit
715 1923 902 1959 necesse,
945 1908 1278 1964 perspicuitatis
1313 1918 1471 1948 caussa
1505 1905 1704 1948 addatur.

183 1966 290 2010 Fuit
308 1970 424 2009 enim
445 1970 629 2021 antiqua
649 1968 763 2009 ratio
783 1967 989 2020 loquendi
1015 1966 1121 2016 haec,
1151 1970 1202 2007 ut
1234 1964 1425 2006 nominis
1454 1963 1604 2005 dativo
1631 1964 1705 2005 ad-

179 2027 439 2078 jungeretur
458 2026 732 2074 adverbium,
770 2024 950 2073 Πυθῶνι,
986 2024 1046 2064 ἓνε
1077 2027 1128 2065 ut
1157 2023 1204 2065 in
1226 2018 1704 2076 AristophanisEqui't.

191 2082 311 2125 1270.
343 2084 459 2136 quod
493 2087 628 2126 etiam
662 2084 888 2124 dicebatur
923 2082 978 2130 ἕν,
1008 2079 1188 2128 Πυθῶνι,
1220 2080 1336 2122 unde
1365 2082 1538 2133 postea,
1568 2091 1706 2136 quum

186 2141 392 2182 adverbia
412 2142 456 2182 in
478 2142 810 2195 praepositiones
832 2140 943 2181 verti
967 2140 1226 2193 inciperent,
1259 2140 1294 2178 ἐν
1329 2135 1491 2178 Πυθῶνι
1523 2137 1707 2179 exstitit.

186 2198 272 2238 Sed
292 2211 430 2251 quum
451 2200 641 2240 maxime
663 2199 708 2239 in
739 2200 931 2239 locorum
952 2195 1222 2244 nominibus,
1254 2196 1344 2236 sive
1375 2193 1582 2248 propriis,
1615 2196 1711 2237 sive

187 2256 492 2297 usitatissimis
510 2256 893 2311 appellativorum,
925 2254 1181 2295 adverbium
1217 2252 1334 2294 istud
1356 2251 1626 2306 superfluum
1647 2253 1709 2307 vi-

186 2311 377 2361 deretur,
408 2319 459 2356 ut
479 2327 566 2366 quo
592 2315 727 2355 etiam
749 2314 911 2354 omisso
930 2313 1113 2366 quisque
1144 2312 1340 2352 dativum
1371 2313 1487 2350 recte
1520 2309 1709 2352 intellec-

187 2375 312 2411 turus
333 2377 465 2418 esset,
497 2372 542 2412 in
576 2372 642 2412 his
672 2372 846 2412 brevior
867 2369 1072 2423 loquendi
1094 2368 1238 2409 forma
1268 2367 1408 2420 magis
1429 2366 1710 2419 frequentata

189 2431 270 2475 est,
293 2429 337 2469 in
359 2430 527 2470 caeteris
547 2433 711 2477 autem,
742 2442 841 2482 quae
872 2428 1014 2481 magis
1048 2427 1256 2478 ambigua
1283 2424 1378 2465 sine
1398 2425 1709 2478 praepositione

190 2490 351 2532 essent,
393 2487 493 2527 addi
528 2487 867 2540 explicationem
908 2485 1091 2539 placuit.
1153 2481 1242 2531 Sic,
1273 2485 1320 2523 ut
1352 2481 1432 2523 hoc
1466 2481 1586 2529 utar,
1622 2482 1712 2540 0²55?

192 2543 326 2583 etiam
357 2544 401 2584 in
436 2545 692 2586 adverbium
723 2544 811 2584 οἴκοι
832 2544 956 2590 abiit.
1017 2540 1180 2583 Eodem
1204 2539 1332 2582 modo
1355 2539 1402 2580 in
1421 2538 1710 2583 citationibus

192 2600 423 2648 librorum,
455 2600 624 2642 Εὔπολις
653 2599 781 2650 Αἰξὶν,
811 2605 856 2642 et
883 2614 978 2654 quae
1014 2604 1117 2641 sunt
1137 2598 1303 2640 similia
1323 2598 1712 2650 grammaticorum

103 2664 335 2708 164sermo
352 2658 663 2710 frequentavit,
686 2663 735 2700 ut
768 2658 877 2700 nihil
912 2657 1160 2710 indigentia
1192 2655 1400 2697 adverbio
1420 2665 1513 2695 rem
1533 2666 1711 2706 accura-

192 2716 280 2756 tius
313 2715 557 2756 definiente.
618 2715 766 2768 Magis
794 2717 990 2757 etiamis
1012 2728 1115 2756 usus
1144 2715 1190 2756 in
1214 2711 1487 2765 designando
1511 2710 1712 2768 'tempore

193 2773 405 2818 obtinuit,
436 2773 553 2825 quod
587 2774 633 2814 in
667 2774 747 2815 hoc
779 2786 937 2826 genere
973 2773 1111 2814 multo
1145 2769 1292 2814 minus
1326 2769 1570 2824 quidquam
1607 2770 1712 2812 oriri

184 2831 499 2884 ‘ambiguitatis
529 2835 687 2885 potest.
750 2828 967 2872 Caeterum
998 2830 1045 2871 in
1077 2830 1145 2871 his
1175 2840 1364 2882 quoque,
1395 2835 1493 2882 quae'
1519 2827 1590 2868 hic
1609 2828 1712 2869 teti·

194 2887 354 2942 gimus,
386 2890 587 2944 exempla
616 2889 803 2945 proferri
826 2890 968 2932 solent
989 2900 1015 2930 a
1035 2885 1341 2931 defensoribus
1363 2883 1565 2947 ellipseos
1584 2885 1712 2929 valde
