1838 3164
801 146 1071 179 mos—mres.
1602 127 1689 175 125·

168 241 239 288 Ita
273 245 415 290 Graeci
448 243 590 290 verbis
631 244 717 303 δρᾷν
747 244 1000 300 [Athenaeus
1029 250 1068 307 t.
1093 257 1136 288 v.
1166 255 1213 300 p.
1232 243 1333 287 403.
1360 242 1427 285 καὶ
1457 246 1491 287 οἱ
1517 249 1681 289 mazaeo?

168 303 216 344 τὸ
248 301 350 348 θύειν
378 306 466 362 δςᾷν
491 303 696 361 ὠνόμαζον.
726 303 837 359 ἔδρων
857 304 892 344 δ’
923 306 956 346 οἳ
980 304 1141 360 κήρυκες
1175 302 1271 359 ἄχρι
1301 308 1463 353 πολλοῦ,
1495 321 1533 345 κ.
1569 323 1606 346 τ.
1638 314 1681 348 λ.

67 410 82 416 ,
167 359 392 419 Senum]
443 367 489 406 et
523 364 656 403 ποιεῖν.
700 360 970 417 [Herodotus
1000 362 1074 403 lib.
1107 362 1168 402 ix.
1198 374 1297 415 cap.
1338 358 1403 401 19.
1453 362 1681 405 ποιήσαντες

167 416 291 460 δὲκαὶ
316 419 590 473 ἐνθαῦτανὶροί.
638 418 885 473 ‘Dionysius
921 418 1067 461 Halic.
1099 418 1201 460 Ant.
1231 418 1365 460 Rom.
1394 421 1429 459 t.
1451 419 1484 459 i.
1514 431 1558 473 p.
1578 419 1679 462 206.

166 476 247 530 ἱερὰ
264 478 430 522 ποιήσων
448 477 540 531 ὑπὲρ
561 481 628 519 τοῦ
645 482 763 519 κοινοῦ
779 477 943 532 πάτρια.
977 476 1192 525 Similiter
1223 475 1472 518 Herodotus
1506 476 1584 517 lib.
1616 479 1678 520 vi.

166 533 358 589 cap-57.
393 536 440 576 in
473 533 519 579 ἢν
547 532 681 578 θυσίην
713 552 771 576 τις
796 533 993 582 δημοτελῆ
1019 537 1208 577 ποιέηται.
1241 533 1467 588 ScHAEr.]
1528 531 1678 576 Latini

166 595 316 633 autem
340 593 479 634 verbo
497 589 650 648 facere
679 596 881 634 utuntur.
942 590 1177 647 [Virgilius
1196 590 1285 634 Ecl.
1308 592 1374 634 iii.
1395 605 1437 632 v.
1466 589 1539 633 77.
1572 590 1679 634 Cum

154 646 329 703 faciam
346 648 499 691 vinda.
529 651 589 691 al.
625 648 820 698 vitulam,
850 662 906 691 ex
936 650 1090 691 Graeca
1110 651 1302 703 syntaxi,
1331 660 1466 704 quam
1485 647 1678 691 Romani

164 707 332 803 gafflim
347 708 481 750 secuti
502 711 621 750 sunt.
641 720 681 749 v.
705 707 955 750 Schneider.
974 706 1068 750 Ind.
1090 707 1148 749 ad
1166 706 1377 763 Scriptor.
1398 704 1453 748 R.
1465 704 1522 749 R
1541 720 1579 750 v.
1596 705 1679 750 Fz‘o

201 774 364 806 cunr.

221 764 430 874 Ejusde'm
448 823 649 865 vocabuli
670 823 838 879 ellipsis
858 825 993 866 etiam
1012 835 1107 864 esse
1126 821 1299 864 videtur
1317 821 1365 862 in
1384 823 1518 864 verbo
1538 825 1681 879 καταίρ-

164 876 327 931 χεσθαι,
357 881 424 922 vel
458 879 741 937 κατάρξασθαι,
771 882 948 935 quando
987 882 1170 936 ponitur
1203 892 1286 935 pro
1317 878 1454 922 crines
1481 882 1547 922 vel
1561 879 1682 938 pilos
1739 931 1741 934 Ι

162 933 348 979 victimae
365 953 391 980 e
406 937 558 995 fronte
575 937 833 989 abscindere,
863 945 904 981 et
934 946 1137 996 tanquam
1164 935 1312 994 prima
1337 936 1549 981 libamina
1581 938 1681 994 igni

163 990 215 1034 in
247 999 325 1036 ara
354 1008 526 1038 accenso
554 995 781 1053 imponere,
811 1000 862 1040 ut
889 998 1008 1053 apud
1037 996 1266 1051 Aristoph.
1302 994 1430 1038 Avib.
1470 995 1565 1038 960.
1602 997 1680 1052 [ad

166 1061 210 1102 q.
229 1051 256 1092 l.
279 1053 365 1093 vid.
389 1052 623 1095 Kusterum
654 1067 699 1108 p.
728 1053 821 1096 193.
857 1068 923 1108 sq.
957 1053 1184 1108 semna]
1227 1052 1483 1108 Euripidem
1516 1053 1677 1097 Electr.
1746 1104 1758 1113 ⁴

165 1106 267 1149 800.
296 1110 365 1151 vel
383 1124 465 1164 pro
486 1125 514 1152 a
574 1125 601 1152 a
618 1109 789 1153 lustrali
807 1111 1022 1154 victimam
1041 1111 1304 1167 adspergere,
1334 1114 1386 1152 ut
1403 1111 1524 1166 apud
1552 1111 1678 1154 Euri-

165 1165 313 1221 pidem
331 1165 475 1222 Iphig.
507 1181 622 1219 aur.
641 1167 714 1210 40.
742 1173 788 1210 et
820 1169 889 1211 56.
921 1170 1035 1211 conf.
1056 1167 1128 1216 54,
1160 1167 1232 1216 58,
1266 1166 1361 1208 622.
1423 1168 1542 1210 Nam
1576 1170 1678 1211 inde

163 1226 304 1277 patet,
334 1224 601 1279 κατάρξασθαι
630 1227 874 1278 generatim
901 1241 995 1269 esse
1012 1239 1134 1269 sacra
1151 1224 1190 1268 a*
1256 1223 1384 1274 icari,
1414 1225 1683 1282 κατάρξασθαι

159 1281 195 1319 ie
219 1283 284 1328 ὧν,
313 1282 378 1323 vel
398 1280 665 1337 κατάρξασθαι
685 1286 756 1327 τῆς
781 1287 932 1336 σφαγῆς
962 1288 1030 1325 τοῦ
1059 1238 1395 1338 ἶερείουἭΕΙεΝ.
1439 1282 1680 1336 Dionysius

212 1337 312 1379 alic.
335 1337 440 1380 Ant.
461 1337 591 1380 Rom.
612 1343 644 1381 t.
665 1340 698 1381 i.
728 1352 774 1394 p.
802 1340 896 1382 141.
926 1343 1225 1395 καταρχομένων
1243 1342 1368 1383 αὐτῆς
1391 1338 1486 1393 (τῆς
1506 1341 1586 1396 ὑὸς)
1605 1347 1682 1383 τῶν

159 1395 296 1449 ἱερέων.
353 1395 475 1450 (Vat.
499 1395 690 1451 θυτῆρων,
720 1397 839 1450 quod
869 1398 1052 1453 placet.)
1082 1411 1124 1452 p.
1145 1396 1246 1439 228.
1278 1395 1411 1439 ἄλλων
1444 1413 1486 1437 τε
1518 1404 1680 1440 πολλῶν

161 1449 349 1505 θυμάτων
367 1451 665 1509 καταρξάμενος.
688 1467 733 1508 p.
755 1453 855 1496 288.
875 1455 938 1496 ἐπὶ
961 1459 1034 1497 τῶν
1055 1453 1191 1496 θυσιῶν
1210 1452 1360 1510 κριθαῖς
1373 1454 1681 1510 καταρχόμεθα,

161 1509 279 1551 οὐλὰς
297 1511 421 1552 αὐτας
438 1515 656 1553 καλοῦντες.
687 1511 890 1554 SCHAEF.

221 1571 252 1592 “
288 1566 388 1619 Hoc
420 1581 578 1610 nomen
609 1571 799 1624 intelligi
844 1571 971 1612 debet
1002 1571 1048 1612 in
1082 1569 1333 1612 nominibus
1373 1570 1603 1620 festorum,
1631 1575 1682 1615 ut

165 1621 332 1679 Κάρνεια
351 1624 510 1668 Herod.
532 1626 628 1668 viii.
664 1627 734 1670 72.
765 1628 973 1681 aliisque:
1006 1628 1080 1670 sed
1109 1630 1156 1670 in
1187 1628 1441 1670 nominibus
1467 1627 1684 1677 Ὀλύμπια

163 1680 326 1724 Herod.
356 1683 398 1724 d.
428 1684 459 1724 1.
479 1682 672 1732 Ἴσθμια,
702 1687 976 1738 caeterisque,
1009 1686 1197 1739 intelligi
1231 1687 1366 1728 etiam
1400 1698 1559 1728 nomen
1579 1691 1682 1738 eiw-

160 1740 330 1789 νίσματα
347 1742 540 1796 potest.'‘
567 1740 758 1790 Fischer.
778 1744 835 1785 ad
848 1742 1020 1786 Weller.
1042 1744 1106 1786 iii.
1134 1743 1168 1784 1.
1189 1757 1232 1799 p.
1249 1743 1352 1788 258.
1382 1743 1586 1788 Sanan.

604 1832 631 1883 ἓ
653 1831 883 1882 ΙΕΡΕΎΣ,
915 1831 1235 1876 SAGERDOS.

217 1903 269 1946 In
289 1907 441 1948 multis
461 1906 733 1948 sacerdotum
753 1908 982 1962 speciebus
1015 1908 1215 1949 absolute
1246 1908 1401 1963 positis
1435 1910 1532 1952 sub.
1561 1912 1681 1968 ἱερεῖς.

158 1959 212 2003 In
232 1963 447 2018 εἰρηνοδίκαι
466 1968 512 2005 et
533 1963 782 2019 σπονδοφόροι,
801 1962 998 2021 feciales.
1059 1964 1294 2018 Dionysius
1315 1964 1422 2008 Hal.
1445 1968 1522 2010 lib.
1545 1969 1594 2010 ii.
1631 1983 1678 2025 p.

168 2019 258 2060 131.
281 2025 327 2062 et
346 2021 422 2062 lib.
446 2023 478 2063 i.
506 2035 551 2076 p.
576 2020 638 2069 17.
698 2020 750 2063 In
785 2024 1068 2078 στεφανηφόροι,
1091 2021 1306 2076 flamines.
1367 2022 1433 2065 Id.
1455 2025 1533 2067 lib.
1556 2027 1601 2068 ii.
1632 2041 1678 2081 p.

167 2076 263 2119 124.
323 2076 373 2119 In
396 2079 579 2127 ἐπιμήνιοι
599 2091 634 2119 S.
657 2078 967 2128 ἐπιμηνιεύοντες,
991 2078 1221 2135 Epimem'a
1242 2079 1504 2134 celebrantes,
1528 2097 1680 2139 procu-

158 2141 310 2184 rantes,
337 2136 385 2177 in
404 2136 702 2190 psephismate
722 2137 951 2191 Sigeorum
970 2151 1016 2192 p.
1036 2136 1081 2179 8.
1116 2151 1158 2178 v.
1189 2139 1241 2180 cl.
1287 2137 1490 2181 Chishull
1521 2142 1568 2183 in
1589 2146 1681 2183 not.

138 2205 207 2247 ,¹p.
234 2193 301 2234 ll.
348 2193 412 2248 [et
429 2192 688 2235 Valckenar.
720 2195 777 2235 ad
808 2193 1017 2237 Herodot.
1039 2208 1081 2249 p.
1105 2195 1204 2243 638,
1235 2195 1307 2237 34.
1338 2195 1561 2256 Souara]
1605 2199 1679 2243 Sic

140 2248 279 2304 *apud
294 2250 474 2292 Latinos
495 2252 541 2291 in
561 2249 724 2300 Dialis,
738 2251 976 2301 Martialis,
996 2251 1255 2302 Quirinalis,
1269 2258 1352 2296 cet.
1363 2256 1462 2298 sub.
1475 2256 1679 2300 sacerdos.

160 2322 201 2350 v.
221 2306 390 2350 Sanctii
411 2307 600 2351 Minerv.
622 2310 700 2350 lib.
723 2311 782 2352 iv.
802 2323 900 2364 cap.
917 2311 962 2352 4.
993 2310 1227 2352 Scnwnn.'
1481 2320 1486 2324 ⁴

218 2363 456 2408 *Tantum
475 2379 564 2407 non
593 2380 766 2422 semper
794 2369 1014 2409 omittitur
1044 2370 1089 2410 in
1121 2370 1308 2424 νεωκόρος,
1340 2373 1391 2412 ut
1416 2371 1535 2426 apud
1567 2371 1681 2414 Smi-

163 2423 287 2464 thum
321 2436 367 2478 p.
400 2423 469 2465 23.
501 2426 670 2480 νεωκόρον
704 2427 775 2468 τῆς
807 2426 1092 2481 λαμπροτάτης
1128 2425 1351 2480 Κυζικηνῶν
1390 2432 1680 2484 μητροπόλεως.

162 2493 208 2535 p.
231 2479 302 2521 24.
334 2484 504 2536 νεωκόρος
524 2486 592 2523 τοῦ
611 2481 826 2530 Σεβαστοῦ.
874 2482 986 2524 Vide
1003 2484 1149 2537 plures
1178 2485 1486 2539 inscriptiones
1515 2488 1562 2528 in
1582 2487 1680 2529 Van

162 2537 277 2580 Dale
295 2537 401 2579 diss.
422 2539 481 2579 iv.
502 2539 560 2579 ad
579 2538 738 2580 Marm.
756 2554 794 2581 c.
817 2541 846 2581 i.
909 2540 983 2582 Sic
1002 2543 1048 2582 et
1067 2542 1112 2582 in
1131 2543 1363 2596 πρόσπολος,
1378 2545 1618 2599 πασσοφὸρος
1635 2549 1681 2587 et

116 2594 118 2597 ’
162 2597 279 2637 aliis.
340 2593 557 2637 Fortassis
587 2597 723 2638 etiam
742 2597 790 2637 in
809 2598 1018 2654 βουζύγης,
1041 2598 1103 2641 ,de
1136 2611 1224 2650 qua
1258 2599 1555 2653 adpellatione
1582 2603 1681 2645 vide

163 2654 225 2694 sis
246 2651 376 2693 Misc.
401 2651 511 2694 Obs.
534 2651 645 2694 Crit.
668 2655 752 2695 vol.
772 2667 813 2695 v.
832 2658 936 2696 tom.
958 2656 1025 2697 iii.
1045 2668 1086 2710 p.
1110 2655 1182 2697 81.
1211 2654 1261 2697 F.
1286 2656 1364 2698 ST.

225 2711 247 2735 ³¹⁵
277 2715 307 2735 “
328 2708 555 2751 Demosth.
571 2723 624 2765 p.
642 2710 738 2753 531.
772 2714 790 2752 ὁ
812 2716 878 2754 τοῦ
899 2713 1011 2754 Διός.
1033 2713 1172 2754 intell.
1193 2712 1322 2770 ἱερεὺς,
1342 2714 1409 2757 vel
1429 2716 1681 2771 vgopvirmss’

164 2764 354 2811 Fischer.
375 2768 432 2810 ad
452 2766 632 2810 Weller.
654 2769 720 2810 iii.
746 2770 779 2810 l.
800 2782 845 2823 p.
866 2768 967 2811 266.
1000 2769 1203 2812 SCHAEF.

640 2857 847 2908 IEPON,
887 2858 1211 2903 TEMPLUM.

223 2930 272 2975 In
291 2932 336 2975 τὸ
366 2936 436 2979 τῆς
461 2933 711 2990 Ἀφροδίτης,
736 2933 781 2976 τὸ
802 2935 873 2979 τῆς
888 2932 1080 2986 Ἀθηνᾶς,
1110 2935 1155 2979 τὸ
1178 2937 1247 2982 τῆς
1265 2935 1502 2994 Δήμητρος,
1533 2937 1683 2995 [τὸτοῦ
