1838 3164
217 173 243 215 6
751 196 944 230 ELLIPSIS
965 194 1198 230 NOMINUM.

216 293 292 336 ubi
326 309 450 353 quem
479 295 644 341 Divum
664 301 731 341 est
758 312 841 354 pro
871 310 992 354 quem
1015 309 1070 339 eoe
1099 293 1261 337 Divis:
1292 292 1370 336 Gr.
1401 294 1488 336 τίνα
1507 294 1621 339 Θεῶν
1643 309 1728 354 pro

216 354 302 394 τίνα
322 356 364 395 ἐκ
380 354 503 398 Θεῶν.
562 356 793 403 Terentius
815 358 858 398 in
881 355 1053 397 Phorm.
1086 358 1172 394 aet.
1205 354 1249 393 ii.
1271 366 1331 394 sc.
1356 353 1401 394 ii.
1423 367 1462 394 v.
1484 352 1551 396 21.
1582 352 1642 397 Et
1659 368 1728 398 sa-

208 409 344 467 piunt
362 425 456 455 mea
476 413 650 470 quidem
678 412 902 456 sententia.
928 425 1026 454 cum
1047 411 1155 451 alibi
1174 411 1303 464 plene
1332 411 1421 457 sit:
1451 410 1505 452 de
1522 423 1617 454 mea
1634 425 1726 455 'sen-

215 467 351 511 tentia
369 485 385 518 ‚·
413 473 490 512 ubi
521 471 574 514 de
594 473 709 513 idem
729 475 812 518 est,
828 470 944 523 quod
958 467 1205 515 secundum,
1227 469 1344 509 κατά.
1405 467 1618 510 Scnwnn.

271 525 367 568 VII.
398 526 623 577 Adverbii,
653 533 702 571 ut
731 528 877 568 Λευκὸς
907 526 932 571 ἦ
951 527 1080 575 γάλα,
1110 524 1220 566 lacte
1239 523 1469 568 candidior
1485 541 1500 574 ;
1529 528 1755 582 propi-ies¹

213 583 429 627 candidus
447 599 575 642 quam
603 586 700 628 lae:
729 585 955 626 ubi«deest
983 585 1153 631 μᾶλλον,
1182 581 1338 638 magis.
1396 581 1528 632 Οἶμαι
1562 597 1645 640 pro
1676 588 1726 628 ὡς

213 638 335 690 οἶμαι,
351 649 400 684 ut
413 649 538 699 puto.
597 643 702 685 Haec
721 644 773 682 de
789 641 944 695 Ellipsi
966 641 1096 680 unius
1119 641 1256 682 vocis.

269 698 295 726 *
326 698 546 755 Frequens
568 702 655 742 haec
683 712 857 752 quoque
889 701 954 739 est
988 698 1158 751 ellipsis
1189 703 1256 741 τοῦ
1283 696 1427 754 magis
1451 699 1570 754 apud
1601 697 1724 742 Lati-

210 768 306 804 nOS‚
337 760 461 812 cujus
502 760 568 800 vel
609 758 723 812 apud
763 755 966 797 Tacitum
1006 757 1148 796 multa
1183 757 1386 810 exempla
1427 757 1722 811 reperiuntur.
1795 790 1798 794 .

209 813 284 855 Sic
303 817 438 857 etiam
467 815 661 858 Velleius
693 813 787 855 Pat.
822 814 896 854 lib.
929 814 974 853 ii.
1007 826 1104 867 cap.
1140 813 1231 854 129.
1261 812 1543 870 simpbicique·
1564 813 1725 858 virtute

206 871 406 914 merentis
431 884 606 929 semper,
645 885 771 927 quam
800 869 1014 926 captantis
1031 869 1229 926 gloriam.
1287 870 1467 913 Tacitus
1486 871 1540 913 de
1561 874 1719 919 morib.

208 928 359 972 Germ.
383 946 416 973 c.
440 932 495 972 vi.
527 929 683 972 Cedere
696 929 800 980 loco,
823 927 1051 970 dummodo
1073 930 1219 981 'rursus
1236 927 1377 980 instar,
1399 928 1575 971 consilii
1593 943 1723 987 quam

194 985 460 1041 formidinis
477 987 751 1030 arbitrantur.
812 984 966 1027 Cicero
987 986 1042 1026 ad
1062 987 1150 1037 div.
1177 987 1251 1028 lib.
1280 988 1334 1028 iv.
1358 1001 1429 1041 ep.
1465 986 1526 1029 13.
1547 987 1721 1045 saepius-

205 1057 288 1099 que
299 1045 409 1087 milii
427 1045 623 1087 veniebat
653 1044 701 1086 in
731 1049 911 1085 mentem
942 1042 1078 1099 queri,
1112 1044 1227 1100 quod
1255 1042 1321 1085 ita
1355 1043 1552 1096 viverem,
1589 1058 1720 1101 quam

201 1102 407 1155 gaudere,
449 1102 563 1159 quod
598 1101 795 1144 viverem.
863 1099 1000 1155 [Loco
1040 1103 1120 1142 hoe
1159 1101 1457 1143 Schwebelius
1497 1102 1720 1147 abstinere

201 1159 405 1202 debebat.
438 1160 665 1214 Semnan]
724 1158 859 1200 Porro
877 1159 945 1200 uti
979 1159 1096 1213 apud
1117 1159 1289 1200 Graecos
1311 1161 1373 1211 ὡς,
1402 1160 1467 1201 ita
1487 1160 1605 1213 apud
1636 1160 1720 1203 La-

199 1217 318 1258 tinos
355 1223 405 1259 ut
432 1218 782 1263 subaudiendum
817 1217 1098 1269 relinquitur.
1128 1231 1129 1234 ¹
1172 1215 1325 1258 Cicero
1355 1217 1411 1258 ad
1441 1217 1527 1257 div.
1560 1217 1637 1258 lib.
1677 1218 1730 1259 vj

199 1287 266 1327 ep.
289 1274 328 1316 5.
390 1275 582 1317 Licitam
602 1280 663 1316 est
693 1273 788 1325 tibi,
819 1273 954 1325 credo,
982 1287 1063 1330 pro
1093 1280 1169 1316 tua
1200 1273 1420 1330 dignitate
1453 1279 1534 1315 etc.
1595 1272 1718 1317 Idem

197 1331 272 1373 lib.
289 1346 327 1373 v.
349 1347 419 1387 ep.
447 1333 511 1375 15.
531 1333 680 1380 literae,
695 1331 833 1383 credo,
855 1330 1010 1388 quibus
1024 1337 1122 1374 utor
1140 1331 1324 1374 assidue.
1356 1330 1570 1374 Scnwssn.
1704 1331 1713 1353 ¹

256 1389 342 1432 Sed
362 1391 545 1433 duarum
564 1392 699 1433 etiam
728 1402 878 1432 vocum
910 1388 1092 1445 Ellipsis
1124 1390 1331 1437 occurrit,
1351 1393 1404 1431 ut
1432 1390 1480 1430 in
1517 1389 1562 1431 τὸ
1594 1391 1712 1439 ἐμόνε

195 1446 272 1489 ubi
293 1455 336 1490 et
356 1450 459 1490 κατὰ
473 1451 610 1497 deest,
632 1453 677 1490 et
692 1451 860 1504 πρᾶγμα
874 1449 941 1489 vel
958 1450 1085 1504 μέρος,
1105 1452 1156 1489 ut
1172 1449 1247 1496 sit,
1270 1446 1373 1489 κατὰ
1388 1446 1433 1488 τὸ
1449 1446 1537 1496 ἐμὸν
1548 1450 1717 1504 πρᾶγμα

196 1506 264 1546 vel
285 1509 411 1563 μέρος,
433 1513 639 1564 quantam
657 1505 707 1548 iri
725 1519 791 1548 me
811 1510 873 1547 est
888 1519 902 1546 .·
922 1519 1008 1562 pro
1029 1504 1166 1547 virili.

254 1562 390 1605 Porro
410 1578 497 1607 non
519 1565 703 1607 duarum
723 1567 915 1611 tantum,
953 1563 1028 1605 sed
1049 1568 1094 1605 et
1118 1561 1316 1620 plurium
1336 1575 1508 1610 vocum,
1537 1565 1585 1606 et
1606 1561 1714 1606 inte-

193 1619 269 1676 gri
286 1622 462 1664 membri
479 1624 697 1677 reperitur
717 1621 915 1675 Ellipsis,
936 1621 989 1662 de
1008 1635 1098 1676 quo
1118 1634 1197 1663 suo
1218 1622 1323 1663 loco.

254 1677 357 1722 Haec
387 1681 433 1721 in
470 1694 629 1734 genere
664 1681 717 1721 de
745 1678 902 1733 Ellipsi
936 1680 1051 1722 dicta
1085 1684 1227 1720 sunto.
1288 1677 1419 1720 Nunc
1452 1667 1606 1720 ordine
1639 1678 1725 1727 Al-,

191 1736 425 1790 phabetico
450 1750 599 1787 voces,·
623 1751 734 1791 quas
761 1738 806 1778 in
837 1734 1050 1778 Oratione
1072 1736 1225 1779 Graeca
1253 1737 1531 1789 frequentius
1561 1737 1714 1779 deesse

194 1796 600 1844 animadvertimus,
627 1797 937 1850 disponemus.
1017 1793 1073 1836 Et
1107 1796 1287 1848 quidem
1321 1796 1464 1848 primo
1503 1791 1712 1843 Nomina,

192 1854 273 1894 sub
293 1855 454 1907 quibus
476 1852 725 1911 Participia
741 1856 785 1894 et
807 1850 1072 1894 Pronomina
1101 1852 1540 1907 comprehendemus.
1604 1850 1712 1899 Qui-

189 1912 272 1952 bus
294 1913 502 1954 nonnulla
518 1914 800 1955 subtexemus
835 1910 889 1952 de
909 1911 1104 1966 plurium
1139 1923 1294 1953 vocum
1325 1913 1369 1951 et
1389 1911 1556 1963 integri.
1573 1922 1708 1951 mem-

192 1967 260 2010 bri
274 1967 448 2024 Ellipsi.
1210 1986 1212 1990 ·

919 2165 978 2193 DE

504 2217 861 2292 E'LLIPSI
924 2239 1376 2291 NOMINUM.

920 2459 974 2501 A.

639 2551 665 2579 ²*
695 2550 978 2600 ΑΓΑΘΟΝ,
1009 2547 1247 2592 BONUM.

145 2680 148 2683 ,
186 2623 354 2685 VIDE
373 2639 492 2681 infra
512 2641 564 2681 de
584 2640 813 2682 Adverbiis
830 2642 875 2682 in
898 2639 971 2683 Εὖ.
1036 2641 1305 2682 scamma.

244 2702 267 2725 ⁹¹⁶
296 2696 334 2738 T
338 2698 354 2736 ὸ
376 2696 520 2746 ἀγαθὸν
541 2699 760 2740 interdum
781 2699 1198 2752 subintelligendum
1231 2695 1300 2737 es‘t
1333 2695 1378 2736 in
1410 2694 1623 2734 ἀπολαύειν·
1643 2705 1703 2730 τι-

181 2755 254 2796 νός.
314 2753 450 2797 Plena
490 2756 653 2796 locutio
685 2761 774 2797 est:
808 2759 1009 2797 ἀπολαύειν
1036 2753 1183 2804 ἀγαθὸν
1218 2755 1295 2795 ἀπό
1328 2769 1436 2792 τινος.
1497 2748 1614 2791 Nam
1656 2746 1701 2787 τὸ
1739 2782 1741 2785 .

181 2814 382 2853 ἀπολαύειν
403 2817 447 2853 et
479 2813 524 2852 in
555 2813 715 2853 bonam
754 2817 798 2854 et
832 2815 992 2855 malam
1028 2819 1200 2867 partem
1227 2811 1464 2864 accipitur,
1493 2811 1538 2850 et
1569 2817 1701 2859 gene-

178 2871 310 2912 ratim
331 2870 548 2922 significat
567 2869 679 2927 affici
711 2868 861 2926 aliqua
880 2885 937 2913 re.
997 2870 1153 2924 Itaque
1188 2868 1359 2910 addidit
1379 2864 1699 2920 Aristophanes}

179 2925 296 2973 Plut.
316 2939 358 2971 v.
379 2925 480 2982 23&
