1838 3164
171 66 200 109 8
782 70 1081 112 ISAGOGE.

174 183 337 225 futuris
375 183 617 227 dialecticis
647 187 723 226 aut
764 184 1059 240 philosophis,
1099 195 1187 225 non
1231 179 1560 237 interpretibus,
1595 179 1687 222 haec

174 238 323 283 dicata
341 254 437 284 esse
457 239 680 290 vellemuS,
711 241 1028 298 conjunctiones
1047 242 1280 297 plerasque
1301 240 1358 281 ad
1377 241 1686 291 argumentum

173 302 374 347 nostrum
392 313 618 355 possemus
636 300 824 348 trahere,
845 304 896 340 ut
915 299 1037 347 ἀλλὰ,
1057 298 1149 355 «γάρ,
1171 298 1226 346 δὲ,
1256 297 1376 346 ὅμως,
1406 294 1479 338 οὖν.
1520 293 1623 354 ,Ηω
1636 294 1683 351 ,si

173 357 453 406 omittantur,
489 358 535 398 in
575 357 806 399 sententiis
841 356 951 411 ipsis
982 358 1093 398 nihil
1128 355 1362 398 desideres.
1419 353 1536 396 Nam
1576 352 1703 405 aznot*

172 416 220 468 vl
245 428 289 467 g.
321 427 409 456 non
430 414 541 456 facit
558 416 838 462 sententiam,
874 414 999 467 cujus
1029 416 1085 456 ab
1122 414 1248 455 initio
1276 413 1473 468 ponitur,
1509 415 1683 453 antece-

173 472 381 524 dentibus
414 468 735 520 adversantem,
754 512 758 515 ,
775 472 861 522 seds
882 475 1053 512 tantum
1087 471 1323 525 significat,
1359 471 1493 512 talem
1513 471 1685 511 senten-

171 530 287 586 tiam
320 530 418 583 jam
446 543 538 572 esse
558 533 823 578 secuturam,
841 532 897 570 'et
917 529 1015 583 ipsa
1033 533 1101 571 est
1133 531 1227 583 ejus
1260 527 1524 583 praenuntia.
1553 524 1685 573 ,Pari

172 587 305 628 modo
333 586 409 643 ‘reip
435 601 525 635 ,non
557 588 665 629 facit
692 587 1042 629 enuntiationem
1073 587 1310 634 causalem,
1360 586 1437 627 sed
1463 582 1688 639 commode

175 648 354 687 tantum
387 649 551 693 monet,
581 646 803 687 causalem
842 658 949 692 esse,
987 648 1032 686 et
1060 645 1211 693 simul,
1240 645 1353 686 sicut
1373 643 1552 696 reliquae
1585 653 1685 689 con-

173 702 428 755 junctiones
471 716 639 751 omneS,
681 702 842 744 vinculi
873 703 962 743 vim
994 702 1143 749 habet,
1180 715 1266 755 quo
1295 700 1566 743 antecedenti
1596 711 1690 747 sene

174 760 328 801 tentiae
353 761 508 813 juncta
537 761 756 802 sententia
783 763 972 802 tenetur.
1045 758 1308 813 Hujusmodi
1342 760 1479 813 signis
1517 759 1583 799 ita
1620 770 1689 798 su-

176 829 277 860 mus
312 819 501 869 adsueti,
532 822 583 859 ut
616 819 862 859 necessaria
899 818 952 858 de
985 829 1118 859 causa
1148 817 1249 858 addi
1285 817 1530 863 videantur,
1561 818 1607 856 et
1641 817 1692 855 ut

173 888 292 929 aegre
329 876 540 924 feramus,
581 875 617 917 si
636 875 724 917 illis
757 889 845 917 non
866 876 1023 917 moniti
1050 876 1364 917 sententiarum
1386 874 1500 915 inter
1518 887 1563 914 se
1582 872 1694 923 rela-

176 933 324 990 tiones
358 936 511 974 nostra
546 934 814 987 cogitatione
853 933 1050 974 invenire
1083 933 1295 986 cogimur.
1355 931 1441 972 Sed
1472 930 1582 973 nihil
1614 928 1694 969 mi-

175 1003 291 1032 rum.
353 989 534 1032 Habent
573 991 693 1031 enim
730 991 819 1032 vim
857 992 1128 1044 integrorum
1163 990 1472 1040 membrorum,
1500 992 1565 1039 ut,
1593 986 1694 1043 jam

175 1046 290 1102 ratio
310 1046 420 1089 dicti
433 1046 640 1104 sequitur,
662 1052 756 1095 aut,
774 1047 876 1104 jam
894 1055 1128 1105 opponetur
1159 1047 1347 1104 aliquid,
1368 1050 1460 1096 aut,
1477 1046 1578 1102 jam
1598 1058 1692 1086 con-

175 1103 312 1147 clusio
339 1105 464 1147 modo
499 1103 625 1147 dictis
644 1104 914 1161 subjicietur.
975 1106 1084 1148 Aliae
1106 1119 1210 1148 vero
1229 1105 1559 1159 conjunctiones
1593 1105 1717 1149 sunt,

175 1163 235 1203 ad
269 1175 448 1205 sensum
483 1163 618 1205 etiam
649 1164 908 1218 popularem
944 1165 1213 1217 necessariae,
1242 1167 1290 1205 ut
1321 1163 1580 1217 copulativae
1608 1161 1697 1213 dis-

172 1220 403 1273 junctivae,
432 1221 779 1263 conditionales:
820 1230 918 1275 quae
951 1222 1137 1277 proinde
1171 1222 1293 1264 nulla
1322 1221 1493 1266 ratione
1532 1220 1576 1260 in
1617 1231 1696 1260 nu-

177 1290 350 1319 merum
379 1279 750 1333 pleonasmorum'
775 1280 929 1321 referri
970 1283 1167 1334 possunt.
1229 1278 1346 1320 Nam
1380 1279 1418 1319 si
1448 1278 1547 1330 quis
1575 1276 1697 1327 dicit,

175 1333 228 1375 Εἰ
269 1335 410 1384 θέλεις,
440 1336 536 1392 πρὸς
572 1337 611 1377 σὲ
652 1337 870 1385 ἐλεύσομαι,
908 1338 1242 1391 opportunitate
1278 1337 1432 1391 primae
1468 1334 1695 1390 particulae

175 1391 303 1450 facit,
331 1398 381 1434 ut
418 1391 543 1434 θέλεις
577 1394 654 1435 fiat
689 1395 934 1435 enuntiatio
962 1395 1287 1444 conditionalis,
1317 1398 1361 1435 et
1380 1400 1500 1435 arcte
1518 1391 1696 1446 quidem

171 1450 397 1504 jungenda
433 1464 531 1492 cum
567 1451 831 1503 insequenti.
894 1452 979 1493 Sed
1014 1453 1090 1493 illa
1121 1452 1338 1506 particula
1365 1454 1536 1492 remota
1573 1446 1698 1488 θέλεις

176 1507 226 1549 fit
257 1509 565 1561 categoricum,
595 1509 834 1563 abruptum
872 1513 916 1550 et
948 1510 1216 1562 ambiguum.
1279 1508 1365 1549 Sed
1399 1508 1453 1549 de
1486 1507 1575 1549 illis
1609 1506 1696 1560 pri-

174 1565 325 1606 oribus
358 1567 395 1607 si
429 1566 605 1620 copiose
644 1579 861 1621 exponere
895 1568 1068 1615 vellem,
1109 1571 1255 1608 actum
1291 1579 1395 1607 sane
1433 1577 1609 1618 agerem
1651 1566 1698 1604 et

177 1634 389 1676 magnum
422 1636 621 1677 pararem
650 1625 866 1665 volumen.
926 1623 1042 1665 Nam
1074 1627 1176 1678 post
1194 1623 1387 1675 Devarii,
1415 1620 1696 1675 Hoogeveeni

175 1683 221 1721 et
242 1680 457 1732 Schiitzii,
476 1681 643 1722 Zeunii
661 1681 764 1722 item
786 1682 843 1722 ad
862 1679 1014 1734 Vigeri
1034 1682 1195 1722 librum
1228 1685 1273 1722 et
1303 1679 1547 1722 Hermanni
1568 1693 1620 1720 eo
1649 1679 1697 1719 in

174 1750 336 1790 genere
373 1739 560 1789 labores,
590 1739 692 1780 aliis
712 1752 925 1793 perquam
945 1740 1106 1793 exigua
1137 1739 1324 1780 materia
1352 1739 1507 1780 relicta
1537 1740 1620 1788 est,
1651 1737 1695 1777 in

175 1808 265 1848 qua
296 1796 519 1847 ingenium
542 1809 672 1836 suum
706 1810 811 1838 curn⁴
838 1797 985 1839 fructu
1021 1810 1218 1838 exercere
1253 1798 1436 1851 possint.
1497 1794 1553 1836 Et
1592 1807 1699 1848 prae-

174 1857 303 1894 terea
337 1854 493 1906 lingua
528 1853 684 1895 Graeca
719 1855 931 1902 abundat,
970 1868 1022 1896 ac
1058 1855 1221 1909 potius,
1249 1859 1300 1895 ut
1335 1854 1525 1908 ingenue
1557 1853 1699 1894 dicam

177 1911 295 1963 quod
328 1912 484 1962 sentio,
514 1910 680 1952 laborat
715 1914 781 1953 tot
817 1916 861 1953 et
896 1917 987 1954 tam
1016 1913 1138 1954 varie
1177 1912 1449 1967 compositis,
1469 1909 1703 1965 particulis

175 1966 301 2022 (nam
343 1969 389 2010 in
429 1969 669 2010 virtutibus
701 1974 779 2011 aut
818 1971 1229 2025 opportunitatibus
1266 1983 1292 2011 a
1323 1965 1421 2011 rudi
1442 1969 1606 2024 populo
1635 1969 1700 2010 in-

175 2117 279 2151 nibus
302 2118 479 2150 nominum
506 2118 684 2152 substantt.
719 2126 833 2162 tropos
863 2121 912 2152 in-

178 2173 252 2193 esse
267 2162 376 2193 omnis
393 2162 536 2202 generis.
582 2163 683 2202 Nam,
704 2164 844 2196 remotis
855 2175 912 2206 ge-

179 2204 310 2243 nitivis,
336 2205 535 2247 relinquitur
560 2205 595 2237 in
622 2209 686 2239 let
712 2210 730 2237 2
753 2209 912 2248 synecdo-

179 2248 264 2288 che3
290 2248 322 2279 in
352 2251 370 2278 3
386 2249 615 2290 metonymia3
638 2250 672 2281 in
700 2251 719 2280 4
735 2252 912 2292 metapho-

181 2301 240 2323 ra:
264 2297 297 2322 et
312 2291 361 2322 sic
379 2291 487 2323 ironia
499 2303 634 2334 quoque
658 2293 691 2324 in
717 2293 786 2326 illis
811 2295 912 2327 facile

127 2363 129 2365 ,
180 2334 325 2379 reperiri
354 2341 476 2375 potest,
504 2337 600 2377 cujus
623 2338 818 2377 exemplum
841 2339 910 2380 jam

178 2387 246 2408 non
274 2377 384 2409 habeo
413 2378 445 2409 in
471 2388 618 2419 promtu.
682 2381 711 2410 Ε
734 2380 914 2413 rhetoricis

181 2431 263 2462 ergo
293 2420 565 2454 institutionibus
596 2421 648 2454 vis
686 2423 806 2455 horum
843 2435 912 2456 om-

180 2463 275 2495 nium
290 2469 369 2496 nota
388 2475 463 2496 esse
488 2471 545 2496 aut
561 2467 737 2497 commode
755 2469 913 2508 cognosci

182 2512 305 2548 potest.
348 2507 435 2539 Cum
461 2514 574 2539 autem
593 2509 723 2549 duplici
746 2512 847 2542 modo
871 2513 913 2543 ad

180 2550 395 2592 periphrasin
422 2550 503 2582 bina
534 2551 671 2583 nomina
711 2554 896 2595 conjungan

181 2599 248 2632 tur,
272 2594 324 2625 vel
341 2592 399 2629 sic,
415 2600 451 2625 ut
468 2593 501 2625 iu
516 2594 664 2636 genitivo
688 2602 828 2636 ponatur
852 2608 913 2628 no-

181 2647 260 2668 men
286 2636 522 2676 necessarium,
557 2639 839 2679 quemadmodum
877 2641 910 2672 in

180 2679 267 2712 locis
297 2680 481 2721 propositis
514 2681 671 2713 omnibus
692 2682 815 2714 factum
836 2690 909 2724 est;

181 2724 238 2755 vel
253 2722 315 2762 sic,
341 2728 379 2754 ut
403 2722 438 2754 id
461 2729 609 2756 mutetur
636 2725 669 2756 in
696 2726 911 2767 adjectivum,

173 2776 208 2797 v.
238 2777 270 2798 c.
293 2768 423 2810 μητςᾷἱον
450 2763 537 2806 δέμας
569 2768 740 2809 (matrem)
762 2769 910 2810 AEschyl.

179 2810 311 2842 Eumen
342 2813 395 2842 85.
432 2809 588 2853 κεραυνίους
626 2812 719 2847 βολὰς
755 2813 910 2854 (fulmen)

179 2853 275 2895 Sept.
289 2864 322 2886 c.
341 2852 479 2885 Thebas
494 2856 568 2885 436.
592 2854 684 2895 prior
697 2855 804 2888 forma
824 2855 908 2887 faci-

173 2896 244 2932 lius
272 2898 336 2940 ¹ad
371 2902 599 2938 argumentum
632 2903 785 2933 nostrum
818 2898 905 2933 trahi

978 2128 1100 2163 potest,
1134 2122 1224 2164 quia,
1252 2121 1380 2153 omisso
1399 2119 1534 2153 nomine
1554 2119 1706 2152 adventi-

977 2165 1039 2204 tio,
1067 2176 1164 2197 casus
1194 2171 1319 2197 tantum
1353 2164 1500 2196 nominis
1522 2163 1703 2195 necessarii

976 2210 1154 2240 mutandus
1188 2215 1250 2241 est.
1294 2208 1450 2239 Ceterum
1490 2208 1639 2248 adjectivi
1669 2213 1704 2240 et

977 2253 1123 2284 adverbii
1145 2251 1347 2294 periphrasis
1369 2252 1466 2292 plane
1487 2250 1575 2282 nihil
1586 2250 1627 2281 ad
1642 2260 1705 2282 nos

977 2296 1133 2336 pertinet,
1156 2296 1235 2337 quia
1262 2294 1385 2326 similis
1398 2295 1450 2326 vel
1478 2293 1593 2334 potius
1615 2294 1704 2335 ejus-

977 2340 1053 2370 dem
1075 2340 1172 2380 plane
1201 2338 1331 2380 generis
1356 2344 1418 2376 est,
1439 2337 1530 2379 quod
1557 2336 1704 2378 primum

980 2383 1021 2413 de
1043 2382 1252 2414 substantivo
1268 2381 1329 2413 sub
1353 2387 1430 2412 nota
1450 2380 1505 2419 (a)
1518 2379 1704 2421 posuimus.

979 2425 1015 2456 In
1030 2427 1136 2457 verbis
1163 2431 1276 2457 autem
1289 2423 1471 2462 nonnullis,
1495 2429 1533 2455 ut
1555 2423 1589 2455 in
1612 2423 1706 2462 ἀξιοῦν

979 2475 1014 2500 et
1030 2471 1119 2512 κυρεῖν
1140 2479 1229 2507 eam,
1244 2474 1278 2500 ut
1302 2478 1367 2499 non
1381 2467 1525 2499 alienam
1550 2467 1595 2498 ab
1610 2465 1705 2497 insti-

978 2517 1064 2550 tuto,
1088 2512 1312 2549 tractavimus,
1340 2510 1500 2552 quoniam
1523 2509 1587 2541 viri
1613 2509 1705 2540 docti

980 2559 1021 2586 de
1039 2555 1107 2586 illis
1125 2555 1284 2596 ambigue
1299 2553 1405 2586 locuti
1420 2552 1705 2595 opportunitatem

977 2598 1077 2629 nobis
1112 2599 1188 2630 dare
1219 2598 1417 2630 videbantur
1443 2596 1594 2638 quaedam
1627 2595 1706 2626 dili-

974 2641 1108 2682 gentius
1133 2640 1366 2683 persequendi,
1386 2639 1510 2682 quibus
1530 2647 1705 2671 moneren-

976 2690 1029 2716 tur
1053 2684 1206 2722 studiosi,
1243 2695 1283 2716 ne
1314 2685 1393 2716 ficta
1420 2682 1623 2714 abundantia
1645 2682 1704 2713 de-

978 2728 1068 2768 cepti
1083 2728 1290 2769 negligenter
1303 2733 1360 2759 aut
1374 2726 1494 2758 leviter
1505 2725 1566 2756 illa
1583 2724 1705 2757 transi-

978 2776 1048 2803 rent
1104 2772 1199 2803 Hanc
1235 2776 1348 2803 autem
1374 2770 1417 2800 ad
1444 2778 1513 2800 rem
1539 2767 1706 2800 sufficiunt

974 2824 1028 2852 ea,
1050 2825 1126 2856 quae
1162 2815 1196 2846 in
1221 2812 1423 2848 Praemonito
1454 2817 1489 2845 et
1510 2813 1551 2844 ad
1574 2811 1716 2856 singula-

974 2857 1077 2890 verba
1089 2857 1192 2902 dixi.v
1230 2859 1234 2864 ’
1327 2867 1329 2869 ’
1700 2859 1706 2865 ”
