1838 3164
215 139 294 181 164
576 144 649 182 DE
681 143 892 184 ELLIPSI
921 145 991 184 ET
1018 143 1362 184 PLEONASMO

211 257 464 304 adhaesisse,
494 269 591 312 quae
625 257 784 300 deinde
811 257 944 300 latius
977 258 1168 307 extendi,
1199 262 1332 312 atque
1351 258 1457 308 alin,
1485 269 1728 312 quamquo

210 315 391 369 proprie
409 315 678 364 debuissent,
707 316 929 358 transferri
948 316 1176 370 coeperint.

272 371 356 413 Sed
387 376 437 413 ut
466 373 618 415 ordine
638 386 690 416 ac
709 375 782 415 via
801 372 1010 428 procedat
1030 373 1120 415 haec
1137 373 1395 428 disputatio,
1426 373 1538 429 quid
1550 374 1730 418 tandem

213 429 299 470 sibi
321 431 475 472 volunt
493 431 576 478 illi,
608 433 684 486 qui
718 432 893 484 ellipsin
923 431 1290 485 praepositionum
1309 431 1579 474 admittunt?
1600 430 1729 481 Nam

212 487 330 528 unde
350 490 511 536 sciunt,
543 490 752 530 omissam
785 502 879 529 esse
899 489 1286 543 praepositionem?
1331 487 1368 530 E
1399 502 1503 534 casu
1523 489 1730 540 nominis,

213 546 439 600 inquiunt,
478 547 554 601 qui
589 560 641 588 ea
677 546 988 612 praepositione
1027 547 1208 599 regitur.
1286 545 1463 589 Audio:
1509 547 1609 588 sed
1625 547 1732 602 quid

215 603 297 644 hoc
330 608 414 651 est,
446 604 563 659 quod
599 606 693 657 regi
727 605 918 645 vocant?
951 601 1063 653 Hoc,
1104 606 1279 659 opinor,
1321 605 1491 652 dicunt,
1520 605 1732 659 praeposi-

212 661 325 702 tioni
344 657 507 712 deberi,
537 663 653 717 quod
674 662 760 708 hic,
793 674 933 716 neque
954 661 1067 702 alius
1096 675 1222 703 casus
1253 661 1529 704 adhibeatur.
1587 661 1667 705 At
1682 663 1731 707 in

213 730 266 758 ea
295 731 342 758 re
372 719 655 761 vehementer
683 719 914 760 falluntur.
975 717 1094 760 Nam
1123 719 1161 759 si
1193 720 1258 761 ita
1285 724 1415 771 esset,
1447 721 1522 775 qui
1551 708 1748 766 tandem-

212 775 305 816 fieri
337 780 498 830 posset,
541 781 590 818 ut
626 789 714 818 una
754 777 1011 830 praepositio
1050 776 1243 818 diversos
1269 790 1396 819 casus
1434 779 1636 831 regeret?
1671 775 1732 826 ‘Id

210 834 379 875 scilicet
398 848 422 875 e
439 835 611 875 diverso
630 834 954 889 praepositionis
975 834 1226 887 significatu
1245 838 1467 889 repetunt.
1540 834 1619 883 At,
1654 836 1732 876 ob-

211 903 347 942 secro,
367 892 571 945 quisquis
593 892 656 932 ita
671 892 859 945 judicas,
881 905 958 933 cur
974 896 1022 933 tu
1045 890 1239 934 diversas
1259 893 1370 934 istas
1390 892 1731 946 significationes

209 950 528 1016 piaepositioni‚
560 963 657 1004 quae
678 950 842 1004 ubique
869 949 1022 990 eadem
1044 954 1128 999 est,
1159 951 1398 1004 imputare,
1429 961 1562 1006 quam
1582 962 1608 990 e
1626 961 1731 994 casu

209 1007 415 1054 nominis,
447 1008 521 1062 qui
551 1020 634 1061 pro
669 1007 737 1048 his
769 1007 1164 1059 significationibus
1195 1008 1309 1049 alius
1338 1012 1472 1063 atque
1500 1007 1616 1048 alius
1646 1013 1730 1057 est,

208 1062 411 1105 derivare
431 1066 598 1106 mavis.
586 1068 603 1095 '¹
634 1063 751 1106 Nam
782 1065 890 1118 quid
912 1066 1218 1132 respondebis,
1250 1065 1288 1106 si
1309 1066 1407 1118 quis
1439 1064 1749 1118 significatum.

119 1123 536 1175 135praepositionis
565 1135 592 1163 a
614 1135 714 1164 casu
753 1122 963 1171 nominis,
995 1124 1070 1178 qui
1105 1124 1145 1164 ei
1178 1124 1412 1177 adjunctus
1438 1125 1524 1171 est,
1554 1122 1733 1176 regidi-

207 1182 313 1220 cat?
360 1178 486 1226 Quod
526 1180 725 1234 profecto
762 1182 902 1222 multo
945 1181 1266 1223 consideratius
1306 1181 1538 1223 diceretur.
1612 1178 1730 1231 Nam

206 1238 280 1291 qui
303 1241 449 1291 potest
482 1238 663 1280 omnino
684 1238 792 1293 fieri,
824 1243 874 1279 ut
908 1239 1163 1293 praepositio
1193 1243 1313 1281 certa
1345 1239 1533 1294 quadam
1568 1237 1748 1291 signifi-¹

205 1296 379 1336 catione
401 1298 566 1337 certum
587 1308 736 1337 casum
757 1300 899 1348 regat,
932 1297 1018 1337 nisi
1048 1297 1095 1338 in
1118 1297 1193 1337 illo
1224 1297 1319 1351 ipso
1339 1310 1442 1338 casu
1463 1295 1632 1352 aliquid
1654 1296 1732 1344 sit,

205 1353 323 1407 quod
352 1353 408 1394 ad
439 1353 551 1395 hanc
581 1355 962 1406 significationem,
1010 1367 1096 1395 non
1129 1354 1185 1395 ad
1226 1355 1361 1395 aliam
1401 1354 1521 1396 trahi
1556 1354 1734 1407 possit?

205 1409 334 1457 Quod
366 1410 471 1466 quid
500 1415 567 1452 est
596 1411 735 1458 aliud,
765 1423 899 1464 quam
929 1411 1297 1463 significationem
1324 1423 1423 1452 eam
1453 1412 1500 1452 in
1519 1423 1621 1452 casu
1643 1422 1733 1453 non

198 1469 366 1518 minus,
400 1481 532 1522 quam
564 1469 610 1508 in
641 1469 951 1522 praepositione
981 1468 1160 1509 inesse?
1190 1467 1307 1510 Nam
1339 1468 1376 1508 si
1407 1471 1524 1520 esset
1555 1468 1602 1510 in
1635 1467 1730 1510 sola

204 1526 534 1579 praepositione,
578 1530 657 1567 aut
687 1525 808 1566 nullo
837 1538 940 1566 casu
973 1537 1084 1580 opus
1115 1530 1247 1572 esset,
1292 1528 1370 1566 aut
1401 1538 1508 1567 usus
1546 1537 1731 1585 casuum

204 1587 320 1624 esset
349 1584 643 1637 promiscuus.
705 1581 832 1629 Quod
863 1586 1031 1629 contra,
1063 1583 1100 1623 si
1136 1583 1182 1623 in
1217 1595 1321 1623 casu
1357 1583 1491 1631 inest,
1520 1579 1732 1637 praeposi-

202 1642 266 1682 tio
296 1654 383 1682 non
415 1645 508 1681 tam
539 1640 731 1680 mutabit
761 1640 1059 1692 significatum
1099 1652 1226 1680 suum
1256 1652 1338 1694 pro
1367 1639 1622 1681 diversitate
1658 1653 1730 1682 ea-

201 1712 347 1748 suum,
380 1711 511 1753 quam
544 1697 854 1738 conciliabitur
883 1698 977 1750 ejus
1010 1697 1275 1750 significatio
1302 1709 1404 1738 eum
1431 1710 1484 1738 ea
1509 1697 1729 1750 significa-

202 1757 337 1805 tione,
370 1769 466 1810 quae
495 1759 563 1796 est
593 1755 637 1795 in
670 1767 788 1796 casu.
868 1752 1082 1807 Exemplo
1114 1759 1214 1796 utar
1243 1754 1376 1821 plano
1406 1757 1461 1798 et
1478 1756 1730 1826 perspicuo

202 1813 325 1869 Παρὰ
355 1818 421 1855 est
451 1811 587 1868 apud,
618 1824 758 1868 eaque
787 1812 1054 1864 significatio
1084 1816 1249 1862 manet,
1279 1812 1371 1853 sive
1397 1812 1509 1867 παρὰ
1536 1812 1608 1861 σοὶ,
1639 1811 1730 1855 sive

201 1871 313 1927 παρὰ
346 1873 399 1923 σὲ,
427 1872 522 1912 sive
553 1869 665 1924 παρὰ
700 1874 767 1912 σοῦ
798 1870 999 1911 dicatur:
1032 1870 1109 1911 sed
1141 1882 1323 1911 casuum
1351 1869 1578 1911 diversitas
1599 1869 1728 1919 facit,

202 1933 253 1970 ut
289 1945 400 1984 παρα
440 1928 493 1969 σοὶ
525 1928 741 1969 habeatm
771 1927 833 1976 id,
865 1927 979 1983 quod
1011 1931 1078 1968 est
1107 1928 1226 1982 apud
1256 1930 1331 1975 te;
1379 1926 1490 1983 παρὰ
1525 1926 1581 1975 σὲ,
1612 1927 1738 1983 quod.

203 1987 383 2028 accedat
412 1987 466 2027 ad
496 1989 567 2033 te;
608 1985 719 2040 παρὰ
753 2003 831 2035 σου,
862 1985 979 2050 quod
1013 1985 1161 2026 veniat
1193 1998 1220 2027 a
1253 1989 1325 2027 te:
1373 1984 1419 2027 id
1450 1984 1567 2040 quod
1593 1985 1738 2029 simili·

204 2045 332 2085 modo
358 2043 478 2085 Galli
510 2043 680 2090 dicunt,
712 2041 764 2083 de
784 2042 881 2084 chez
902 2041 976 2085 toz
1037 2040 1194 2097 Itaque
1229 2042 1267 2084 si
1303 2054 1426 2084 casus
1458 2055 1547 2084 non
1567 2042 1731 2098 pendet

206 2115 230 2142 e
268 2102 597 2156 praepositione,
638 2113 716 2141 cur
744 2101 923 2155 ellipsin
952 2100 1278 2155 praepositionis
1308 2099 1612 2166 adhibeamus,
1651 2101 1729 2143 ubi

204 2173 333 2201 casus
364 2164 431 2201 est
462 2159 554 2200 sine
584 2158 932 2212 praepositione?
979 2157 1221 2205 Nimirum,
1261 2158 1336 2214 qui
1366 2157 1729 2212 praepositionum
1759 2194 1762 2196 .

205 2218 381 2271 ellipsin
420 2216 826 2265 comminiscuntur,
876 2217 957 2256 hoc
994 2216 1060 2257 uti
1102 2217 1247 2257 solent
1294 2220 1572 2268 argumento,
1613 2215 1731 2271 quod

206 2289 340 2330 quum
365 2276 514 2316 multae
534 2274 809 2329 loquutiones
842 2273 1126 2315 inveniantur
1155 2273 1269 2314 idem
1297 2272 1608 2325 significantes,
1637 2272 1732 2328 sige

204 2333 321 2375 adsit
341 2333 593 2387 praepositio
612 2333 702 2373 sive
728 2331 861 2383 absit,
889 2331 1092 2374 absentia
1124 2330 1448 2386 praepositionis
1474 2341 1562 2371 non
1588 2330 1731 2385 possit

119 2397 294 2439 lssonon
329 2405 407 2445 per
441 2390 614 2444 ellipsin
649 2363 877 2443 explicari.
949 2386 1115 2430 Mirum
1151 2401 1270 2435 vero,
1309 2389 1384 2428 eos
1420 2400 1509 2429 non
1545 2387 1729 2437 sentire,

207 2462 339 2504 quam
361 2449 441 2489 hoc
476 2449 676 2501 ineptum
696 2448 755 2488 sit
787 2450 1111 2499 argumentum.
1171 2443 1288 2492 Quid
1309 2445 1444 2497 enim,
1476 2446 1512 2487 si
1535 2445 1634 2500 quis
1652 2445 1729 2505 ob·
1740 2460 1743 2462 “

200 2508 347 2558 jiciat‚
379 2507 458 2546 ubi
479 2506 712 2546 omittatur
732 2503 1007 2558 praepositio,
1038 2516 1127 2545 non
1146 2515 1227 2557 per
1247 2503 1426 2557 ellipsin
1455 2502 1615 2554 omitti,
1636 2484 1727 2551 sed,

204 2564 281 2605 ubi
313 2564 464 2604 addita
493 2563 758 2608 inveniatur,
798 2562 995 2603 additam
1025 2574 1119 2603 esse
1147 2573 1227 2614 per
1256 2562 1597 2615 pleonasmum?
1640 2558 1727 2613 Sed

204 2635 261 2662 ne
281 2621 506 2662 xideamur
530 2620 671 2674 magis
699 2620 877 2660 inscitia
909 2619 1274 2666 adversariorum,
1305 2631 1440 2674 quam
1461 2617 1628 2660 idoneis
1656 2619 1726 2659 ra-

204 2679 401 2720 tionibus
424 2680 612 2726 vincere,
644 2678 725 2718 hoc
757 2690 833 2718 eos
862 2677 1007 2719 dicere
1034 2676 1267 2723 faciamus,
1299 2676 1399 2717 ideo
1429 2665 1726 2726 adhibendam

203 2749 299 2778 esse
318 2737 492 2789 ellipsin
514 2735 854 2801 praepositionis,
885 2734 1000 2788 quod
1032 2734 1079 2775 in
1108 2734 1203 2775 solo
1233 2746 1357 2781 casu,
1389 2746 1520 2790 quem
1542 2745 1728 2788 quaeque

202 2793 461 2849 piaepositio
483 2794 612 2845 regit,
645 2804 733 2834 non
754 2792 862 2833 insit
883 2792 975 2833 haec
996 2792 1078 2840 vis,
1109 2804 1205 2847 quae
1221 2791 1403 2846 propria
1430 2794 1500 2832 est
1516 2790 1725 2844 praeposi-

200 2853 362 2897 tionis;
396 2863 449 2891 ea
478 2854 626 2891 autem
661 2851 704 2891 vi
740 2853 786 2891 et
819 2849 1143 2902 significatione
1175 2849 1293 2890 locos
1333 2848 1446 2897 illos,
1482 2848 1528 2888 in
1562 2843 1743 2903 quibus

201 2911 285 2964 ipsi
318 2909 493 2964 ellipsin
524 2908 775 2962 admittant,
803 2919 952 2950 carere
980 2919 1067 2951 non
1085 2919 1226 2963 posse.
1289 2903 1397 2952 Hoc
1409 2908 1737 2960 argumentum
