1838 3164
163 108 213 153 10
223 110 242 153 l
525 116 843 160 PLEONASMI
870 115 1292 163 ADVERBIORUM.

166 240 255 281 qua
294 229 403 288 illud
433 235 579 286 ortum
607 234 782 282 statuit,
812 234 857 276 in
889 233 1140 276 affirmando
1173 237 1219 277 et
1248 232 1537 277 asseverando
1569 240 1680 284 nun-

165 298 300 339 quam
322 289 573 340 adhibetur,
607 292 721 333 sicut
752 291 828 340 μά,
861 295 905 333 et
924 293 1111 334 multum
1142 291 1290 333 differt
1310 292 1366 333 ab
1393 297 1434 334 οὺ
1462 291 1681 345 quodsu-

167 343 348 388 lum‘in
380 348 573 401 jurando
611 349 755 391 locum
786 350 931 391 habet.
1013 348 1115 391 Nee
1146 362 1251 391 vero
1277 350 1386 391 mihi
1415 346 1684 404 persuadere

167 413 363 456 possum,
381 406 447 447 ita
465 403 611 461 perire
630 407 1031 460 cujusquam'verbi
1054 409 1279 462 propriam
1298 407 1680 461 significationem,

168 463 221 502 ut
253 466 379 504 extra
409 464 597 506 ironiam
633 466 679 506 in
711 477 887 506 sensum
921 466 1190 507 contrarium
1210 465 1487 508 adhibeatur.
1546 462 1682 507 Deni-

167 529 256 571 que
275 520 398 574 origo
419 521 511 570 illa,
531 535 666 576 quam
687 523 859 570 statuit,
898 535 1046 564 vereor
1066 527 1117 564 ut
1149 523 1354 576 analogia
1372 523 1565 577 quadam
1582 534 1685 579 pos·

169 575 231 617 sit
246 576 437 620 defendi.
494 578 670 622 Etenim
691 578 736 622 νὴ
766 580 858 620 sine
891 579 1026 620 <lubio
1060 583 1130 622 est
1161 594 1287 634 aeque
1316 582 1574 634 antiquum:
1606 579 1685 621 sed

167 643 389 689 nusquam
407 649 489 691 pro
506 650 558 679 eo
580 638 624 679 ναὶ
643 637 815 679 dicitur.
877 635 1060 678 Maneat
1092 650 1197 691 ergo
1219 639 1343 687 illud,
1380 640 1559 693 plenam
1587 642 1686 679 esse

167 696 405 744 negantem
432 696 546 748 juris
571 694 752 748 jurandi
780 695 967 735 formam
1007 700 1048 735 οὒ
1078 695 1139 743 μοὶ
1174 695 1236 736 τὸν
1274 695 1425 751 (32502
1461 695 1538 738 sed
1570 696 1684 738 obti-

166 747 328 802 nuisse,
356 754 406 793 ut
425 753 589 794 omissa
609 752 843 805 negatione
873 752 1033 806 saepius
1065 754 1204 794 solum
1223 753 1284 802 μοὶ
1304 754 1350 795 in
1384 754 1591 809 negando
1609 752 1686 795 ad-

166 804 408 851 hiberetur.
730 838 738 847 -

226 863 269 907 5.
299 865 387 908 Sed
427 866 615 921 spinosae
649 867 963 921 disputationis
1000 880 1183 922 campus
1216 868 1413 922 aperitur
1455 869 1510 911 de
1550 873 1697 925 nega-'

165 922 290 965 tione
312 924 443 978 hujus
462 925 643 972 formae3
676 925 776 972 ὠμὸν
797 925 841 965 τὸ
855 928 1073 974 βούλευμα,
1102 925 1165 966 καὶ
1196 928 1316 977 μέγα,
1347 925 1550 976 ἐγνῶσθαι,
1570 931 1688 971 πόλιν

169 981 261 1024 ὅλην
277 980 488 1038 διαφθεῖραι
507 985 677 1030 μᾶλλον,
698 982 723 1027 ἢ
755 987 798 1024 οὗ
823 982 911 1024 τοὺς
940 985 1108 1026 airicus:
1141 982 1249 1025 dura
1276 982 1489 1040 sententia
1507 989 1548 1026 et
1565 990 1690 1029 nota-

167 1036 284 1087 bilis,
313 1038 426 1096 quod
459 1037 669 1081 decretam
696 1038 770 1089 sit,
790 1045 922 1082 totam
937 1039 1086 1096 potius
1099 1039 1278 1096 perdere
1307 1040 1541 1091 civitatem,
1562 1057 1693 1100 quam

170 1102 361 1139 auctores
387 1097 464 1152 (sc.
502 1095 743 1151 maleficii.)
811 1096 949 1139 Time.
980 1099 1042 1139 iii.
1077 1097 1145 1140 36.
1178 1097 1282 1141 Sola
1320 1100 1498 1154 negatio
1533 1102 1687 1144 lectori

165 1153 471 1197 difficultatem
510 1160 645 1196 creat.
724 1154 843 1198 Hinc
873 1156 1133 1198 scholiastes
1182 1170 1279 1198 eam
1328 1158 1514 1213 περιττὴν
1558 1159 1688 1206 dicit,

168 1212 465 1265 probantibus
502 1213 725 1268 plerisque
759 1214 864 1255 viris
899 1213 1054 1261 doctis,
1088 1218 1134 1256 et
1166 1213 1211 1255 J.
1250 1215 1426 1257 Kiihnio
1461 1215 1598 1258 etiam
1631 1217 1690 1258 ad

170 1267 334 1311 AEliani
355 1269 408 1312 V.
431 1269 490 1312 H.
515 1271 581 1312 iii.
603 1271 672 1312 43.
732 1269 990 1312 Perizonius
1009 1276 1158 1313 autem
1177 1273 1221 1313 id
1240 1274 1458 1327 repudiat,
1480 1277 1524 1315 et
1545 1274 1691 1330 legen-

171 1326 277 1368 dum
298 1329 457 1370 statuit
486 1327 625 1369 αὐτοὺς
645 1341 725 1383 pro
759 1334 801 1369 οὺ
829 1332 932 1370 τοὺς.
994 1329 1134 1370 Simul
1155 1333 1304 1371 tamen
1338 1330 1589 1384 explicandi
1607 1342 1691 1373 ‘ra-

168 1384 340 1427 tionem
358 1386 502 1434 affert,
524 1387 761 1427 secundum
779 1398 910 1437 quam
931 1387 1113 1439 vulgata
1142 1388 1361 1440 scriptura
1397 1389 1503 1429 ferri
1532 1389 1689 1443 possit,

167 1446 376 1495 argutam
413 1443 546 1484 nimis
567 1447 621 1484 et
646 1443 891 1492 obscuram,
926 1456 1060 1495 quam
1082 1445 1149 1485 vir
1183 1443 1337 1485 doctus
1370 1444 1475 1498 (non
1504 1447 1688 1488 memini

171 1500 309 1555 quis),
337 1501 467 1554 quasi
499 1501 727 1552 alloquens
762 1499 1061 1548 Perizonium,
1105 1505 1221 1542 recte
1251 1502 1475 1556 vituperat
1506 1503 1575 1546 his
1616 1518 1693 1546 co·

171 1557 277 1599 mici
298 1556 546 1612 (Aristoph.
568 1556 682 1598 Ran.
709 1556 854 1612 1493.)
882 1558 1051 1599 verbis:
1104 1556 1172 1598 Οἱ]
1196 1557 1395 1606 μανθάνω·
1429 1558 1694 1617 ἀμαθέστερόν

172 1629 261 1655 πως
299 1615 397 1663 εἰπὲ,
439 1615 502 1655 καὶ
536 1617 772 1670 σαφέστερον.
851 1613 1092 1655 Verissima
1127 1620 1245 1655 certe
1280 1620 1383 1657 sunt
1422 1615 1693 1671 Thucydidis

171 1672 325 1721 verba,
345 1684 531 1725 quorum
558 1671 727 1712 similia
763 1671 811 1711 ii.
849 1669 919 1712 62.
952 1671 1100 1712 habet.
1162 1671 1345 1714 Accedit
1375 1673 1459 1724 hoc
1485 1676 1694 1728 gravissi-

172 1742 311 1778 mum,
350 1730 469 1782 quod
499 1728 751 1783 Stephanus
784 1727 912 1770 016.
946 1728 1133 1784 Operar.
1164 1729 1207 1771 in
1242 1729 1501 1786 Dionysium
1542 1732 1692 1777 Halic.

171 1786 446 1835 observavit,
485 1786 600 1828 hunc
634 1785 688 1827 D.
725 1786 884 1841 saepius
924 1786 991 1828 ita
1027 1786 1177 1840 loqui;
1209 1792 1259 1828 ut
1291 1788 1507 1833 Archaeol.
1530 1791 1588 1834 vi.
1621 1791 1692 1834 81.

177 1844 249 1887 τῆν
263 1845 409 1893 βουλὴν
430 1847 496 1885 οὐκ
511 1843 639 1900 ’ὀρθῶς
668 1843 717 1883 δι’
738 1847 851 1900 ὀργῆς
873 1845 1040 1897 ἐχόντων
1065 1876 1074 1885 .
1103 1876 1113 1884 .
1139 1876 1148 1885 .
1165 1848 1336 1895 μᾶλλον,
1359 1846 1384 1891 ἢ
1406 1848 1498 1901 οὐχὶ
1519 1848 1607 1891 τοὺς
1633 1851 1694 1890 αἲ-

177 1901 304 1944 τίους;
338 1906 383 1943 et
403 1915 448 1943 X.
468 1901 540 1943 28.
563 1903 604 1942 τί
619 1906 746 1943 ταῦτα
764 1907 818 1958 τῷ
839 1901 950 1959 δήμῳ
972 1903 1144 1942 ἐπικαλῶ
1163 1905 1331 1954 μᾶλλον,
1350 1903 1375 1948 ἢ
1397 1910 1476 1959 οὺχ
1496 1907 1609 1955 ὑμῖνς
1648 1911 1697 1949 et

175 1959 324 2001 xi.34.
355 1960 440 2000 οὔτε
461 1990 470 1999 .
493 1990 502 1999 .
524 1991 533 2000 .
563 1958 700 2001 δούλης
720 1960 928 2014 ἀλλοτρίας
957 1961 1198 2007 ἀνελάμβανε
1231 1961 1380 2002 παιδίον
1408 1966 1580 2012 μᾶλλον,
1606 1964 1632 2010 ἢ
1653 1970 1698 2006 οἷ]

175 2017 350 2066 «γυναικὸς
379 2015 596 2072 ἐλευθέρας.
657 2016 752 2058 Nec
770 2029 873 2058 vero
909 2017 1040 2058 nimis
1073 2017 1210 2058 durus
1243 2018 1524 2072 pleonasmus
1554 2022 1695 2064 videri

177 2074 325 2121 debet,
344 2075 554 2127 quoniam
575 2074 850 2115 simillimum
872 2075 1079 2115 habemus
1100 2075 1142 2115 in
1165 2073 1494 2130 Francogallica
1513 2078 1695 2132 lingua:

179 2145 223 2174 v.
244 2146 282 2174 c.
303 2131 337 2174 il
348 2131 518 2189 estplus
534 2144 638 2187 sage
658 2133 784 2188 qu’on
805 2145 857 2172 ne
876 2130 994 2173 croit.
1036 2131 1103 2183 De
1115 2133 1410 2186 explicatione
1431 2135 1695 2179 facillimum

180 2193 298 2232 esset
326 2190 484 2236 dicere,
503 2192 657 2239 μᾶλλον
678 2191 724 2231 in
741 2190 909 2230 talibus
941 2190 1138 2231 absolute
1166 2192 1287 2244 poni,
1309 2197 1354 2233 et
1372 2192 1397 2236 ’ἢ
1418 2194 1506 2235 vim
1537 2194 1698 2237 habere

179 2248 410 2303 particulae
435 2249 568 2288 ἀλλᾶς
601 2247 677 2288 sed
698 2247 779 2288 hac
798 2246 900 2288 ficta
918 2247 1238 2299 significatione
1257 2249 1497 2292 scindimus
1514 2252 1695 2301 nodum,

181 2318 270 2347 non
286 2306 510 2348 solvimus.
567 2303 662 2357 Ego
680 2305 1011 2359 perspicuitatis
1047 2308 1090 2345 et
1123 2306 1354 2358 gravitatis
1387 2320 1522 2350 causa
1541 2314 1584 2350 οὺ
1619 2310 1698 2351 ad·

178 2364 346 2418 jectum
365 2368 490 2417 puto.
549 2360 667 2403 Nam
687 2375 784 2404 cum
814 2365 967 2410 μᾶλλον
991 2361 1016 2405 ἢ
1039 2375 1130 2402 rem
1152 2362 1328 2404 dubiam
1359 2365 1595 2419 relinquat,
1633 2369 1700 2409 ita

181 2424 234 2462 ut
266 2420 389 2475 optio
425 2419 627 2473 quaedam
662 2425 853 2470 maneat,
884 2420 1095 2473 quoniam
1109 2418 1271 2475 potius,
1309 2434 1395 2462 non
1417 2429 1543 2472 certo,
1574 2425 1697 2479 prius

183 2478 297 2520 illud
329 2478 422 2519 fieri
457 2478 678 2519 factumve
721 2477 906 2518 dicitur:
941 2477 984 2518 in
1022 2478 1256 2531 posteriori
1293 2482 1514 2523 sententia
1551 2484 1696 2526 omnis

181 2536 355 2579 tollitur
374 2535 611 2583 dubitatio,
628 2534 798 2588 adJecta
817 2536 912 2589 ipsa
932 2535 1182 2589 negatione.

827 2633 1052 2678 ΟὙΤΩΣ.

246 2721 284 2764 1.
317 2718 415 2761 Hoc
435 2731 550 2772 saepe
570 2716 745 2758 additur
780 2716 988 2758 adverbio
1021 2719 1216 2766 ὡσαύτως,
1243 2731 1509 2774 quamquam
1529 2721 1597 2762 vis
1626 2734 1697 2763 ea-

183 2783 286 2824 dem
300 2779 395 2832 jam
416 2777 463 2816 in
496 2776 576 2816 hoc
598 2775 695 2828 ipso
717 2775 832 2815 inest
855 2787 865 2814 :
899 2786 1001 2815 nam
1031 2776 1175 2828 prima
1202 2776 1387 2829 syllaba,
1425 2779 1489 2823 ὡς,
1517 2782 1584 2820 est
1605 2780 1632 2820 i.
1652 2794 1697 2834 q.

180 2842 316 2882 οὕτως.
374 2833 564 2875 Additur
598 2835 762 2878 autem,
795 2832 870 2872 ubi
905 2832 1089 2872 mirifica
1127 2833 1370 2875 similitudo
1396 2834 1524 2875 rebus
1561 2836 1695 2878 inter·

178 2897 315 2942 cedit,
335 2896 415 2934 aut
434 2890 511 2932 ubi
528 2891 611 2931 hoc
630 2890 795 2942 agitur,
822 2892 872 2929 ut
885 2888 987 2929 aliis
1007 2887 1210 2932 v‘ideatur
1229 2891 1425 2934 mirifica.
1486 2891 1558 2934 Cf.
1575 2906 1695 2936 max-

178 2959 269 3009 ime
288 2952 396 2999 Οὗτος
417 2949 464 2995 S·
484 2946 526 2996 4ο
558 2946 673 3007 Plato
706 2947 788 2991 VOi·
809 2947 879 3006 'ivo‘
899 2959 946 3005 P.
967 2945 1036 2990 32.
1082 2947 1296 2991 (Ωσαύτως
1314 2948 1353 2993 δὲ
1386 2950 1484 2993 οὕτω
1504 2950 1568 2993 καὶ
1596 2954 1656 2994 ἐὰν
1678 2954 1696 2993 ὅ
