1838 3164
221 145 308 190 212
576 153 907 196 EPIME'PRON
934 155 1007 196 DE
1037 154 1375 196 RARIORIBUS

225 264 469 310 -τεθνοὲκην
502 267 731 311 admoveas
762 268 1022 312 Theocriteo
1054 270 1120 312 illi
1160 270 1281 319 διδῶν,
1311 265 1546 325 apparebit
1563 282 1652 313 non
1669 275 1738 314 te-

225 334 343 364 mere
361 337 431 365 me
449 327 775 379 pronuntiasse,
805 328 948 369 verius
968 327 1073 374 illud
1094 342 1119 370 e
1139 328 1270 369 διδόναι
1289 328 1584 378 decurtatum,
1604 336 1738 385 quam

225 393 249 420 e
278 379 400 423 διδόειν
440 396 519 437 per
552 386 889 441 contractionem
912 384 1009 440 (pro
1030 385 1165 441 διδοῦν)
1195 387 1363 428 factum
1392 387 1549 428 videri.
1610 386 1738 430 Oete-

225 450 375 480 rorum
395 440 541 482 autem
577 442 623 483 in
643 459 688 491 μι
721 443 952 485 verborum
971 443 1137 485 formas
1168 445 1332 486 similes
1363 456 1433 486 me
1453 445 1647 487 nondum
1668 446 1741 487 -in-

224 497 396 538 venisse
431 511 519 540 non
548 500 696 550 miror,
724 514 823 542 cum
859 513 1040 543 numero
1074 514 1215 556 pauca
1249 502 1339 543 sint
1357 502 1455 557 ipsa
1475 501 1575 545 haec.
1588 503 1739 554 verba,

225 566 325 606 quae
359 556 535 610 quidem
565 557 611 599 in
648 560 793 611 aliquo
815 558 916 605 ,sint
944 572 1040 600 usu.
1102 558 1241 602 Simul
1283 561 1395 602 hanc
1424 561 1557 602 velim
1591 561 1740 603 analo·

223 612 345 664 giam
376 613 594 664 observes,
624 628 711 668 qua
742 616 892 658 formae
930 618 1016 659 illae
1033 630 1201 667 omnes,
1238 631 1347 674 quas
1380 618 1603 675 hucusque
1639 631 1740 673 pro-

226 670 328 718 tuli,
359 675 410 713 ut
446 674 661 725 genuinae,
696 675 877 715 mirifice
917 673 1240 718 confirmantur.
1301 674 1509 718 Formam
1543 674 1663 718 enim
1685 694 1743 718 ναι

135 766 176 794 ⁶>
210 727 375 775 ‚brevis
396 743 567 785 semper
587 733 751 773 vocalis
771 732 976 786 praecedit
1006 731 1110 786 (nisi
1134 734 1232 787 ipsa
1243 735 1463 789 ,temporis
1482 734 1629 785 forma
1647 735 1741 775 lon-

135 766 220 809 “45
228 799 331 837 gam
350 787 435 828 sibi
454 789 703 830 vindicante
722 793 773 831 ut
795 791 840 831 in
861 789 1046 844 ἐτύφθην,
1065 808 1180 839 ημεν,
1208 791 1534 845 ητερτυφθῆναμ)
1552 806 1563 840 ;
1594 792 1742 833 forma

227 843 403 886 brevior
434 845 609 901 (praeter
642 848 762 889 illam
800 849 858 889 inv
881 865 967 897 μεν,
997 853 1041 890 et
1061 849 1326 903 peculiarem
1356 850 1482 890 illum
1498 850 1742 891 dorismum

225 904 369 944 τύπτεν
387 917 468 958 pro
490 906 662 962 τύπτειν)
698 918 868 959 semper
889 907 1246 961 ita'producitur‚
1277 910 1327 948 ut
1353 919 1407 948 ex
1426 925 1442 947 ε
1463 907 1541 948 fiat
1561 908 1678 949 euvei
1698 925 1742 956 m,

223 972 277 1000 ex
307 978 325 1000 ο
354 973 456 1003 vero
495 979 537 1001 ω.
598 962 672 1004 Sic
710 966 867 1005 πελέναιι
907 963 1156 1006 dicebatur⁴
1177 966 1396 1015 εἰῇ-πέλειν,
1433 962 1668 1007 ’τεθνηκέναι
1698 968 1745 1006 et

223 1015 427 1067 τεθναίην,
457 1018 590 1060 διδόναι
608 1024 654 1062 et
674 1020 778 1063 διδῶν
800 1021 936 1086 (quod
954 1025 1101 1064 tamen
1121 1036 1177 1064 ex
1198 1023 1279 1076 hac'
1294 1023 1405 1076 <ipsa
1424 1026 1668 1064 ceterorum
1698 1025 1746 1064 et

160 1079 162 1082 ’
222 1074 341 1116 illius
361 1075 564 1123 μεθύσθην
586 1079 792 1132 analogia
831 1081 1106 1122 scribendum
1140 1094 1234 1122 esse
1267 1080 1462 1135 suspicor
1492 1079 1632 1135 δίδων.)
1674 1077 1747 1121 ,Et

222 1132 326 1174 inde
365 1137 432 1175 est
455 1135 571 1191 quod
608 1137 726 1191 apud
763 1136 952 1180 Psellum
987 1139 1162 1180 nonnisi
1199 1139 1346 1180 forma
1383 1137 1747 1192 circumflexaei‘u

222 1191 463 1244 ampliatur
499 1194 546 1235 in
579 1198 698 1242 εῖναι;
752 1208 854 1237 nam
885 1197 999 1238 sicut
1018 1210 1100 1251 pro
1127 1198 1258 1238 πέλειν
1279 1200 1346 1238 est
1376 1197 1533 1237 πελέναι
1567 1195 1634 1238 ita
1664 1207 1748 1250 pro

222 1247 380 1298 μαθεῖν,
401 1249 559 1299 μαὲέειν
575 1257 643 1293 est
660 1251 862 1303 μαὲεέναι,
879 1253 1060 1302 μαθείναι
1074 1269 1084 1296 :
1118 1268 1214 1310 quae
1230 1254 1384 1296 eadem
1395 1254 1511 1296 ratio
1525 1257 1595 1295 est
1609 1254 1747 1295 etiam

223 1308 524 1362 antiquissimi
548 1310 668 1352 illius
688 1313 852 1367 φορῆναι.
1460 1344 1466 1350 .
1547 1347 1549 1350 .

281 1364 409 1413 Quod
442 1370 590 1409 autem
623 1370 742 1423 apud
776 1369 1040 1411 Athenaeum
1073 1370 1204 1412 modo
1235 1370 1428 1412 vidimus
1468 1381 1647 1411 versum
1663 1368 1746 1422 syl·-

221 1422 325 1464 laba
345 1442 402 1465 ναι
428 1426 549 1477 justo
579 1427 839 1479 longiorem,
874 1429 971 1480 ejus
991 1428 1055 1468 rei
1078 1429 1354 1482 simillimum
1373 1428 1626 1480 exemplum
1645 1427 1746 1479 pross-

223 1484 314 1521 stat
334 1481 380 1522 in
403 1482 658 1524 hexametro
679 1486 867 1538 quodam
888 1483 1180 1533 Parmem'dz's,
1211 1499 1340 1538 quem
1360 1484 1616 1538 Simplicius
1647 1482 1745 1536 (fol.

231 1537 296 1577 17.
317 1550 358 1579 a.
379 1538 450 1580 31.
480 1552 521 1580 a.
540 1539 612 1581 34.
630 1541 701 1596 b.)
726 1545 792 1582 ter
812 1542 876 1583 ita
894 1543 1042 1595 posuit
1061 1556 1071 1583 :
1122 1541 1176 1583 Ti
1211 1542 1246 1582 δ’
1269 1542 1312 1584 ἄν
1327 1559 1391 1590 μιν
1417 1541 1481 1583 καὶ
1502 1542 1618 1595 χρέος
1636 1539 1746 1594 ὦρσεν

220 1594 408 1652 ”Ύστεξον
446 1595 472 1641 ἢ
504 1596 671 1652 πρόσθεν
708 1602 776 1640 τοῦ
808 1598 967 1647 μηδενὸς
1004 1598 1210 1654 ἀρξάμενον
1243 1604 1380 1652 φῦναις
1412 1605 1443 1624 “
1469 1597 1577 1645 Quae
1590 1600 1746 1639 aube'm

225 1656 258 1676 “
292 1654 532 1695 necessitas
555 1656 661 1696 illud
681 1655 744 1709 (τὸ
770 1655 820 1706 ὂν,
850 1655 967 1711 quod
987 1669 1042 1698 ex
1063 1658 1204 1697 nihilo
1235 1669 1432 1712 unquam
1452 1655 1651 1698 extitisse
1671 1667 1746 1696 net-

226 1715 256 1734 “
291 1711 387 1766 gat)
407 1711 619 1763 coegerit,
641 1715 769 1755 antea
789 1713 881 1754 sive
900 1717 1056 1767 postea
1089 1727 1145 1756 ex
1174 1715 1315 1755 nihilo
1346 1715 1542 1768 primum
1561 1712 1746 1754 nasci.?‘’

228 1766 361 1809 Hunc
382 1782 571 1820 versum,
605 1784 734 1825 quem
768 1774 1023 1812 constanter
1058 1772 1122 1813 ita
1140 1772 1288 1814 laudat
1309 1770 1582 1826 Simplicius,
1612 1769 1747 1812 utde

228 1826 377 1867 altiori
400 1827 578 1868 vulnere
618 1841 705 1869 non
728 1829 785 1870 sit
804 1829 1105 1882 cogitandum,
1137 1842 1313 1885 quoquo
1334 1832 1493 1880 vertas,
1522 1839 1747 1880 nunquam

231 1884 296 1924 ita
341 1886 653 1936 emendaveris,
695 1890 746 1927 ut
775 1890 971 1940 receptas
1005 1888 1168 1940 linguae
1207 1888 1374 1929 formas
1410 1898 1566 1928 serves.
1627 1883 1746 1928 Nam

231 1940 318 1982 esti
337 1955 484 1983 versus
505 1956 688 1996 sequens
716 1958 795 1998 per
830 1945 1024 1986 vocalem
1057 1946 1216 1999 incipit
1248 1943 1502 1998 (Οὕτως-),
1529 1956 1608 1997 per
1642 1951 1747 1997 apo-

136 1974 457 2053 247strophum
497 2005 646 2042 tamen
687 2002 988 2056 diphthongus
1034 2021 1071 2044 αι
1120 2003 1242 2056 abigi
1292 2015 1378 2043 non
1418 2004 1575 2057 potest.
1604 2048 1607 2052 x
1635 2000 1748 2051 Quis

230 2058 346 2098 enim
368 2070 563 2113 unquam
584 2059 638 2100 de
667 2061 978 2101 terminatione
997 2078 1054 2102 ναι
1072 2061 1182 2102 elisa
1201 2060 1403 2102 audivit?
1434 2063 1477 2102 et
1496 2060 1534 2100 si
1555 2057 1747 2100 maxime

230 2113 309 2156 hoc
340 2116 434 2156 fieri
472 2120 634 2169 posset,
685 2118 785 2171 quis
811 2118 877 2161 ,in
919 2118 1005 2161 fine
1034 2120 1262 2161 sententiae
1293 2116 1402 2159 illud
1433 2118 1600 2159 ferret?
1663 2114 1746 2157 Ea-

228 2172 329 2214 dem
364 2177 511 2225 tamen
532 2174 833 2228 diphthongus
872 2175 982 2217 nihil
1015 2176 1201 2231 impedit
1221 2189 1309 2230 quo
1344 2176 1490 2216 minus
1511 2174 1558 2215 in
1596 2173 1749 2230 aliqua

227 2230 416 2273 dialecto
446 2231 575 2285 plane
606 2233 739 2286 abjici
770 2235 982 2287 potuerit,
1028 2239 1079 2276 ut
1123 2235 1170 2276 in
1215 2246 1349 2289 supra
1392 2231 1637 2288 propositis.
1673 2244 1747 2272 ex-

229 2290 387 2343 emplis
407 2290 693 2332 ostendimus.
756 2292 904 2341 Quare
924 2292 1107 2333 eandem
1128 2292 1408 2339 medicinam,
1439 2303 1578 2346 quamv
1600 2289 1747 2330 versui

227 2344 405 2388 Alcaico
426 2347 472 2387 in
493 2347 569 2388 illo
589 2346 831 2394 μεθυσθῆναι
865 2362 918 2391 ex
951 2351 1121 2404 optimo
1154 2350 1303 2391 codice
1335 2349 1518 2391 allatam
1537 2346 1746 2395 vidimus,

229 2403 331 2445 huic
351 2404 485 2446 etiam
507 2405 761 2448 hexametro
782 2406 992 2448 adhibere
1013 2420 1101 2452 non
1121 2407 1391 2453 dubitamus,
1422 2410 1491 2459 φῦν
1524 2417 1701 2460 quoque
1718 2417 1749 2445 a
1774 2432 1778 2434 ἡ

228 2463 382 2512 graecis
422 2459 675 2505 hominibus
711 2477 794 2519 pro
836 2468 946 2517 φῦναι
984 2465 1149 2506 dictum
1187 2467 1449 2507 statuentes.
1524 2461 1654 2510 Quod
1691 2474 1748 2503 ne

229 2520 327 2572 quis
357 2532 385 2560 a
416 2518 675 2562 Parmenide
719 2525 907 2578 ejusque⁴
930 2520 1125 2564 Ionismo
1153 2523 1346 2564 alienum
1385 2521 1570 2575 judicet,
1597 2519 1747 2563 obser-

230 2577 419 2618 vandum
456 2582 539 2625 est,
571 2582 666 2620 tum
704 2580 913 2621 dialectos
943 2593 1219 2636 nequaquam
1248 2583 1340 2621 tam
1371 2580 1501 2621 certis
1530 2577 1746 2621 limitibus

202 2633 368 2675 'fuisse
397 2635 650 2684 adstrictas,
692 2642 743 2680 ut
789 2638 1075 2692 quodcunque
1120 2637 1289 2681 Dorum
1336 2650 1431 2678 esse
1459 2635 1748 2691 pronuntient

231 2690 522 2734 Grammatici
542 2692 723 2735 Ionibus
743 2699 951 2749 negatum
980 2697 1118 2737 fuerit
1139 2710 1150 2744 ;
1181 2701 1277 2737 tum
1308 2695 1476 2736 nullum
1495 2692 1747 2745 ferefserip-

228 2751 368 2789 torem
407 2750 516 2790 adeo
551 2764 712 2804 purum
745 2766 939 2794 servasse
977 2766 1224 2796 sermonem
1261 2765 1405 2800 suum,
1435 2755 1486 2793 ut
1517 2763 1546 2792 a
1572 2749 1745 2802 vulgari

230 2807 464 2857 gentilium
501 2808 674 2863 loquela
717 2811 826 2852 nihil
865 2813 1147 2853 contraxerit.
1228 2810 1383 2866 Neque
1422 2807 1746 2862 monosyllabus

231 2861 479 2906 Infiniti²vus
513 2867 732 2909 offendere
768 2868 925 2910 debet:
958 2883 1060 2911 nam
1094 2871 1130 2911 si
1170 2882 1249 2924 per
1279 2867 1621 2911 contractionem
1650 2865 1746 2906 fieri

232 2924 473 2975 potuerunt
507 2921 579 2963 δεῖν
612 2928 655 2965 et
690 2927 776 2981 ζῇν,
807 2926 961 2980 quidni
997 2941 1074 2982 per
1109 2939 1333 2982 apocopen
1352 2926 1455 2979 φῦνῖ
1485 2922 1614 2970 Quod
1634 2922 1746 2964 nihil

233 2979 396 3023 mirum
435 2981 474 3023 si
512 2994 613 3026 cum
649 2983 759 3038 ipsis
779 2982 1076 3030 Parmenideis
1105 2984 1376 3030 carminibus
1404 2983 1452 3027 in
1481 2981 1747 3029 oblivionem
