1838 3164
503 126 823 169 PLEONASMI
835 168 838 170 ,
848 124 1273 168 ADVERBIORUM.
1588 116 1649 163 89

128 252 319 298 prorsus,
340 239 527 291 omnino,
557 245 609 283 ut
639 238 753 282 Xen.
774 237 910 281 Mem.
931 239 960 281 i.
978 237 1023 286 4,
1051 238 1095 280 7.
1146 238 1256 281 Haec
1285 238 1506 281 interdum
1520 239 1645 292 justo

133 299 340 352 graviora
357 300 576 348 videntur,
610 299 676 346 ita
705 301 757 338 ut
784 297 933 351 aptius
958 300 1154 338 vertatur
1176 297 1405 352 particulis
1423 295 1643 344 nimirum,

125 354 316 400 scilicet.
338 356 483 400 ..Tum
500 368 658 410 nempe
674 355 791 396 ratio
817 355 1103 409 significatur,
1121 358 1305 409 propter
1324 366 1458 407 quam
1477 354 1533 402 is,
1564 353 1644 408 qui

94 430 102 436 -
135 413 348 467 loquitur,
378 415 637 469 simpliciter
667 415 711 454 et
738 425 888 454 secure
913 412 1126 465 judicium
1155 413 1300 454 facere
1326 412 1483 466 possit,
1511 415 1564 452 ut
1582 413 1640 453 iv,

134 469 182 520 4,
201 470 245 514 6.
258 501 268 506 -
303 471 410 514 Haec
425 485 531 514 usus
549 471 845 514 inconstantia
862 471 987 518 fecit,
1006 474 1059 512 ut
1075 470 1244 517 Moeris,
1260 468 1373 523 (sive
1385 469 1487 523 quis
1508 469 1642 519 alius)

136 530 421 585 explicationi
450 529 653 571 adderet:
683 528 764 569 ’ἐστι
797 527 862 569 καὶ
889 527 1084 584 περιττὸν,
1114 528 1151 570 ἐν
1183 529 1270 568 ταῖς
1301 530 1468 582 *γραφαῖς
1498 527 1644 573 κόσμου

135 588 252 643 χάριν
268 587 680 686 παὲαλαμβανόμενον.
740 583 897 638 Itaque
926 586 1131 628 standum
1150 589 1219 627 est
1234 584 1402 638 judicio
1421 584 1643 631 Schiitzii,

137 645 216 697 qui
247 645 294 686 in
366 645 447 698 pit.
483 644 622 686 doctr.
657 644 973 698 particularum
1008 641 1208 696 HoogeV.
1243 655 1286 697 p.
1307 655 1368 683 m.
1403 641 1473 683 46.
1503 642 1640 684 dIcit:

137 707 169 727 ‘⁶
188 700 427 744 Abundare
459 701 573 742 hanc
610 715 778 751 vocem,
807 701 923 754 quod
953 702 1132 754 quidam
1155 703 1318 756 putant
1350 731 1361 741 .
1397 730 1408 741 .
1442 731 1453 741 .
1484 699 1644 742 idoneo

136 763 170 784 ‘⁶
188 763 449 812 argumento
467 760 645 814 probari
664 773 752 801 non
778 763 936 814 potest.
995 758 1098 801 Non
1132 759 1267 806 enim,
1297 757 1335 799 si
1367 758 1514 811 aliquo
1547 759 1644 799 loco

137 821 169 842 ‘⁶
191 829 291 858 eam
308 817 473 860 diserto
491 818 622 858 verbo
644 817 822 859 reddere
850 815 1022 859 Latinae
1058 817 1220 870 linguae
1238 816 1394 869 genius
1414 815 1645 870 impediat,

136 879 169 899 “
189 875 399 926 continuo
418 875 759 917 existimandum
791 878 874 923 est,
905 876 1019 919 hanc
1036 887 1184 918 vocem
1216 874 1348 929 plane
1374 872 1646 929 superfluam

133 936 167 957 ‘³
189 944 302 981 esse,
331 945 382 974 ac
399 945 578 988 prorsus
596 933 709 975 nihil
729 932 1021 987 significare.”

832 1033 941 1078 AN.

146 1147 148 1149 ,
193 1108 413 1158 Quoniam
440 1109 719 1164 grammatici
752 1109 1020 1150 fluctuantur
1055 1108 1103 1150 in
1131 1105 1376 1149 definiendo
1410 1106 1544 1160 hujus
1569 1107 1647 1148 ad-

136 1167 274 1209 verbii
304 1181 403 1220 usu,
432 1170 616 1222 eJusque
648 1167 990 1221 significationes
1022 1166 1332 1220 multiplicant,
1360 1165 1467 1217 quia
1498 1176 1587 1205 non
1618 1177 1650 1205 a

137 1226 284 1278 prima
313 1226 515 1267 derivant
548 1229 731 1277 ceteras,
764 1225 956 1266 breviter
988 1237 1071 1277 ego
1099 1223 1147 1264 in
1178 1223 1319 1264 indice
1339 1219 1649 1277 Xenophontis

137 1282 220 1325 hoc
249 1284 337 1336 egi.
398 1283 624 1325 Nimirum
651 1296 677 1324 e
701 1283 745 1324 vi
781 1280 1012 1324 dubitandi
1043 1286 1085 1323 et
1112 1279 1291 1336 simplex
1320 1278 1474 1321 δυνατὸν
1506 1291 1650 1322 conce-

138 1338 274 1382 ciendi
289 1343 447 1383 ceterae
465 1339 822 1394 significationes,
854 1352 942 1381 non
970 1352 1077 1381 sane
1096 1339 1263 1386 multae,
1282 1337 1513 1379 ducuntur.
1543 1335 1651 1378 Una

135 1398 358 1451 particula
390 1397 512 1440 reddi
543 1396 700 1439 Latine
731 1397 821 1439 haec
839 1397 906 1438 vis
925 1398 1071 1451 prima
1101 1409 1189 1438 non
1216 1398 1378 1450 potest,
1406 1408 1549 1449 neque
1581 1395 1652 1436 fa-

137 1455 222 1497 cile
241 1455 288 1496 in
309 1456 399 1497 alia
418 1456 594 1509 lingua:
626 1455 704 1497 sed
735 1454 970 1507 significari
1003 1454 1132 1495 debet
1159 1453 1227 1494 vel
1257 1453 1386 1494 modo
1415 1451 1653 1507 potentiali

138 1513 206 1554 vel
226 1513 385 1561 verbis,
414 1513 454 1555 si
471 1526 563 1567 qua
582 1516 836 1568 suppetunt,
863 1525 963 1565 quae
993 1511 1311 1564 dubitationem
1337 1514 1416 1551 aut
1434 1511 1653 1552 incertum

140 1573 347 1612 eventum
375 1572 640 1624 exprimant.
711 1569 815 1611 Jam
846 1571 927 1611 hoc
955 1573 1002 1610 et
1028 1572 1175 1611 cetera
1208 1569 1437 1610 mittimus.
1498 1565 1580 1609 Κεν
1606 1571 1654 1610 et

142 1639 231 1680 seq.
251 1639 445 1669 consona
463 1645 505 1668 κε
526 1628 643 1681 apud
663 1627 834 1682 poetas,
866 1631 917 1682 ut
934 1630 1123 1676 constat,
1157 1626 1287 1679 plane
1317 1626 1492 1666 easdem
1514 1625 1652 1678 signi-

141 1684 368 1726 ficationes
382 1685 529 1736 habet,
545 1697 654 1737 quas
676 1683 720 1725 ἂν
739 1686 789 1726 in
804 1697 950 1739 prosa.
1011 1681 1158 1736 Hujus
1176 1684 1242 1724 rei
1273 1683 1392 1724 nulla
1409 1683 1656 1736 probabilis

141 1743 259 1784 ratio
277 1742 397 1784 reddi
417 1746 580 1797 potest,
607 1743 693 1784 nisi
714 1747 765 1783 ut
782 1742 918 1790 dicas,
947 1740 1134 1782 eandem
1151 1752 1247 1782 esse
1263 1739 1543 1793 particulam,
1564 1753 1655 1782 non

142 1799 362 1842 diversam
381 1812 460 1841 nec
481 1801 666 1841 diversae
685 1799 896 1852 originis;
927 1811 1026 1840 cum
1050 1797 1164 1852 apud
1194 1798 1360 1852 priscos
1389 1797 1533 1838 lenem
1562 1798 1656 1853 spi-

143 1857 279 1899 ritum
299 1858 346 1899 in
367 1856 410 1898 ἂν
430 1858 508 1899 alii
529 1858 717 1900 fortasse
737 1869 940 1910 asperum
958 1856 1170 1906 facerent,
1199 1855 1277 1895 alii
1295 1855 1497 1908 asperius
1516 1855 1653 1897 etiam

144 1915 342 1962 dicerent
360 1932 446 1963 καν,
476 1917 616 1956 velex
637 1916 727 1955 alia
745 1914 933 1955 dialecto
952 1930 1029 1960 κεν,
1058 1916 1103 1954 et
1135 1915 1341 1965 sequente
1370 1924 1574 1964 consona,
1601 1917 1656 1955 ut

145 1972 653 2084 ῗᾼῖἷῗιῗιεῗοὲῗέἓζὲιὲ
663 1971 1043 2081 pgssffiai‘ssssfssifiz’
1068 1968 1657 2079 ἴὲὶῑοέἰῖπὶῖυέἐξΐῐῖἒὶἓὲ

148 2092 180 2113 “
201 2087 376 2140 quidvis
413 2087 659 2140 confingere
690 2085 842 2127 licet.”
916 2083 1034 2126 Huic
1070 2097 1179 2137 ego:
1221 2082 1277 2125 Et
1309 2084 1413 2126 licet
1456 2085 1654 2140 quidem,

146 2145 224 2186 ubi
244 2145 482 2187 necessitas
498 2145 644 2197 cogit:
674 2144 778 2185 cedo
796 2146 846 2184 tu
867 2143 1039 2184 inelius.
1098 2140 1279 2197 Κέραμον
1305 2145 1424 2183 certe
1452 2142 1659 2184 derivant

146 2202 207 2244 ab
226 2203 309 2258 ἐ’ρᾳ,
338 2206 384 2244 et
402 2201 488 2244 κιὼν
507 2204 582 2244 vix
601 2202 821 2243 diversum
839 2205 906 2242 est
928 2200 984 2241 ab
1005 2201 1080 2240 ἰών.
1139 2199 1213 2240 Sic
1236 2203 1281 2240 et
1298 2211 1401 2241 cura
1417 2199 1525 2240 fort.
1552 2200 1656 2242 duc-

148 2265 244 2302 tum
263 2260 321 2302 ab
342 2259 437 2315 ὥρᾳ,
468 2265 513 2302 et
547 2262 673 2300 κοῖλος
702 2271 791 2300 non
822 2258 945 2299 aliud
976 2260 1059 2304 est,
1092 2269 1226 2310 quam
1258 2260 1458 2313 nostrum
1484 2255 1661 2299 hold.—

149 2318 236 2360 Sed
255 2318 309 2360 de
329 2316 373 2359 ἂν
392 2322 439 2359 et
457 2317 512 2359 de
530 2318 784 2371 pleonasmo
804 2317 989 2368 agimus
1050 2312 1137 2355 Hic
1168 2317 1342 2356 tantum
1373 2315 1462 2355 illis
1481 2315 1528 2355 in
1548 2315 1656 2357 locis

149 2377 287 2418 statui
303 2379 465 2429 potest,
495 2376 572 2417 ubi
591 2373 635 2415 ἂν
664 2374 817 2415 eadem
844 2375 890 2414 in
917 2372 1133 2414 sententia
1149 2372 1219 2412 bis
1237 2372 1432 2426 positum
1450 2373 1658 2422 occurrit,

150 2434 244 2476 sive
277 2433 409 2480 nude,
438 2434 530 2474 sive
558 2433 638 2474 sub
667 2432 812 2473 forma
846 2429 915 2471 κᾶν
949 2431 978 2471 i.
1014 2442 1054 2471 e.
1085 2427 1149 2469 καὶ
1180 2427 1240 2471 ἄν.
1299 2427 1453 2484 Eurip.
1485 2427 1658 2472 Hecub.

151 2490 236 2534 359
257 2504 292 2532 s.
315 2489 400 2530 ἴσως
430 2488 474 2530 ἂν
504 2490 692 2531 δεσποτῶν
723 2490 834 2538 ὠμῶν
863 2489 996 2542 φρένας
1015 2489 1174 2539 τύχοιμ’
1206 2485 1267 2534 ἂν,
1297 2486 1398 2528 ὅστις
1424 2489 1587 2542 ἀργύρου
1613 2490 1660 2536 μ’

151 2548 361 2594 ὠνήσει-αα
383 2545 589 2604 fortassis
612 2545 719 2589 mihi
737 2545 934 2601 obtingat
952 2543 1113 2601 aliquis
1132 2543 1398 2587 dominorum
1426 2543 1534 2586 duro
1565 2543 1662 2587 ani*-

151 2619 239 2654 mo,
269 2603 348 2661 qui
384 2618 450 2646 me
480 2602 670 2661 pecunia
699 2609 825 2646 emat.
854 2603 1082 2657 Aristoph.
1114 2601 1197 2644 Av.
1233 2601 1328 2644 127.
1359 2602 1474 2643 ποίαν
1505 2605 1573 2643 τιν’
1600 2601 1662 2644 οὖν

153 2664 274 2709 ἥδιστ’
311 2661 354 2704 ἂν
389 2664 517 2703 οἰκοῖτ’
547 2661 592 2703 ἂν
621 2663 759 2709 ωόλινς
805 2658 970 2716 qualem
1009 2673 1110 2715 ergo
1142 2658 1430 2702 lubentissime
1462 2658 1665 2702 habitetis

154 2720 405 2763 civitatem?
434 2718 596 2761 AElian.
617 2718 673 2761 V.
698 2717 759 2761 H.
779 2719 836 2759 ix.
862 2717 925 2759 10.
970 2716 1096 2759 Plato
1113 2717 1278 2759 dixisse
1305 2720 1535 2758 narratur:
1565 2719 1664 2766 'e'eyw-

154 2796 201 2828 ⁰ys
222 2782 291 2821 οὐκ
311 2776 355 2819 ἂν
377 2776 460 2819 οὐδὲ
479 2780 530 2819 εἰς
549 2777 601 2818 τὰ
620 2775 720 2827 ἄκρα
738 2777 792 2817 τὰ
810 2781 878 2817 τοῦ
901 2773 1024 2815 ’'A5w
1045 2775 1254 2830 μετῴκησε
1287 2773 1331 2816 ἂν
1361 2775 1455 2830 ὑπὲρ
1486 2779 1554 2815 τοῦ
1583 2792 1664 2823 μα-

155 2837 412 2891 κροβίωτατυς
430 2833 627 2884 vagabat:
675 2833 783 2876 Vitae
816 2845 944 2890 quam
974 2831 1230 2888 longissimoe
1247 2845 1376 2875 causa
1395 2845 1474 2888 ego
1491 2844 1595 2873 sane
1611 2845 1668 2874 ‘ne

158 2893 209 2942 in
233 2892 390 2940 montis
406 2892 516 2943 Atho
546 2890 719 2955 quidem
746 2904 946 2938 cacumen
974 2888 1162 2949 migrare
1191 2889 1333 2935 velim.
1389 2889 1441 2937 111
1458 2890 1668 2939 omnibus
