1838 3164
553 178 878 223 .PLE'ONASM1
907 175 1299 221 PRONOMINUM.
1619 176 1675 218 45

146 291 298 350 Ιδίφροιο
329 298 443 344 μάλα
471 298 610 345 με’·γαν,
643 295 670 341 ἢ
688 296 762 344 ὅγε
793 298 963 349 χλούνην
995 293 1156 350 Κάπρον
1186 292 1402 335 ὀπισὲιδίοιο
1430 295 1541 366 φέροι,Χ
1557 291 1674 333 ποδὸς

161 366 448 452 ffiff‘t’ssti.
467 353 524 453 {3
547 355 682 453 iffi}
702 350 1674 465 iffii1f01322‘ffi1'f2235ffi523ifu·1122533

164 477 191 505 e
219 463 416 510 Bentleio
445 469 500 511 ad
531 468 685 510 Horat.
717 467 867 510 Carm.
899 470 931 509 i.
966 467 1011 515 9,
1045 467 1111 508 16.
1148 472 1198 509 ut
1226 469 1375 507 monet
1414 463 1586 506 Ernesti
1616 465 1674 505 ad

164 519 340 566 Gallim.
357 526 387 566 1.
407 527 435 566 1.
494 525 596 567 Vid.
631 529 692 575 et,
713 527 751 567 si
786 528 944 580 placet,
975 524 1099 567 Iliad.
1122 523 1176 565 A.
1202 523 1274 564 55.
1308 522 1408 564 320.
1430 521 1530 563 342.
1549 525 1595 562 et
1615 520 1671 562 K.

163 577 262 622 237.
283 594 319 622 s.
338 587 383 624 et
403 597 428 624 e
441 581 613 625 Latinis
631 582 809 625 Terent.
832 582 1019 638 Adelph.
1042 583 1107 624 iii.
1123 582 1170 631 2,
1197 581 1240 623 8.
1261 580 1416 622 Horat.
1439 579 1586 621 Carm.
1607 579 1670 619 iii.

163 636 239 687 M,
257 638 330 680 45.
353 653 410 681 ss.
429 645 476 682 et
494 642 552 682 iv.
576 640 648 683 51.
707 642 832 694 Virg.
868 639 968 682 AEn.
1000 654 1043 682 v.
1073 639 1173 681 456.
1231 638 1453 680 venustas
1483 637 1598 678 inest
1626 637 1676 678 in

164 699 341 745 recursu
361 694 542 740 minime
573 703 825 753 exspectato
855 699 979 746 ideae,
1014 711 1112 752 quae
1143 697 1388 752 principem
1418 696 1588 736 obtinet
1615 695 1677 735 lo-

162 754 280 801 cu'm,
300 755 335 795 i.
351 767 390 796 e.
410 756 620 809 subjecti:
651 761 696 798 et
716 757 762 798 in
792 757 992 811 emphasi
1007 756 1197 809 quadam
1218 768 1305 796 non
1325 755 1524 804 obscura,
1543 756 1594 794 ut
1621 750 1674 793 11.

165 807 222 850 Γ.
231 811 284 852 'in
298 811 362 860 ὅσγε
378 811 484 854 satis
495 813 648 855 durum
663 827 750 856 esse
764 812 1054 855 Alea-andrum
1067 826 1141 855 nec
1157 811 1348 854 animum
1360 811 1452 867 ejus
1461 809 1678 852 abhorrere

161 866 438 924 aetalifacto,
467 870 541 912 sed
545 869 685 927 facile
723 870 923 913 Venerem
942 871 1048 913 adeo
1069 870 1235 912 ancillae
1251 867 1496 912 conditione
1514 865 1676 909 hahitu-

162 935 260 1024 Ztng
279 926 586 1027 esffid·tEtiam
605 930 767 972 voculae
785 930 978 972 brevitas
1016 929 1185 984 aliquid
1205 927 1415 973 momenti
1447 925 1506 967 ad
1532 925 1676 967 suavi-

260 995 304 1024 m
415 999 426 1027 1
455 1017 465 1027 .

831 1085 1036 1130 ΑΤΤΟΣ
1098 1116 1101 1119 Δ

167 1178 335 1236 ubique
366 1196 448 1239 per
478 1184 774 1239 significatum
803 1190 883 1229 aut
911 1187 1075 1228 diserte
1115 1185 1393 1228 nominatum
1426 1186 1680 1240 oppositum

166 1251 293 1283 suam
319 1254 458 1296 neque
490 1244 696 1297 exiguam
724 1245 815 1286 vim
845 1245 995 1286 habet.
1068 1242 1273 1286 Peccavit
1306 1244 1353 1285 in
1385 1256 1438 1284 eo
1473 1242 1679 1297 Vigerus,

168 1297 245 1351 qui
266 1298 325 1340 iv.
348 1298 391 1340 8.
428 1301 510 1342 hoc
530 1302 728 1356 scripsit:
764 1305 794 1327 “
815 1301 1060 1343 Pronomen
1076 1302 1208 1350 αὐτὸς,
1235 1314 1333 1343 eum
1362 1301 1538 1342 nomine
1569 1300 1681 1341 ἕκασ-

168 1358 204 1381 “
232 1371 311 1408 τος,
338 1357 456 1399 idem
487 1360 666 1412 penitus
700 1364 788 1408 est,
822 1360 941 1413 quod
983 1359 1140 1400 ἕκαστος
1171 1373 1251 1414 per
1291 1372 1338 1400 se
1369 1359 1525 1399 solum.
1594 1356 1682 1398 De-

171 1418 203 1438 “
235 1415 396 1455 mosth.
426 1414 696 1472 ωερῖσυμμορ.
714 1417 828 1459 etc.’'
885 1415 1025 1458 Totus
1053 1417 1175 1458 locus
1193 1431 1238 1471 p.
1262 1430 1320 1458 m.
1364 1414 1458 1456 168.
1487 1428 1533 1470 p.
1556 1415 1584 1455 i.
1620 1415 1684 1456 sic

171 1465 336 1513 habet:
363 1470 517 1527 ‘Oedi-s
550 1473 640 1530 γάρ,
662 1473 691 1515 ὦ
711 1477 751 1515 α’.
811 1473 1014 1518 Ἀθηναῖοι
1046 1475 1119 1523 ὅτι,
1154 1474 1222 1515 ’ὅσα
1242 1475 1311 1522 μὲν
1341 1470 1495 1514 πώποθ’
1517 1472 1686 1514 ἅπαντες

172 1528 280 1577 ὑμεῖς
298 1528 560 1580 ἐβουλήθητε,
595 1532 659 1573 καὶ
679 1532 786 1581 μετά
805 1537 933 1574 ταῦτα
955 1532 999 1572 τὸ
1018 1533 1198 1588 πράττειν
1228 1531 1344 1572 αὐτὸς
1373 1530 1530 1571 ἕκαστος
1558 1532 1685 1585 ἑαυτῷ

170 1586 367 1641 προσήκειν
379 1587 570 1635 ἡγήσατο,
602 1589 702 1631 ὁύδὲν
722 1589 874 1631 πώποθ’
907 1592 1010 1639 ὑμᾶς
1045 1588 1236 1642 ἐξέφυγεν·
1270 1588 1339 1629 ’ὅσα
1368 1587 1407 1628 δὲ
1438 1585 1684 1635 ἐβουλῆἓπτε

171 1643 259 1691 μὲν,
278 1644 385 1691 μετὰ
404 1649 533 1686 ταῦτα
553 1645 591 1687 δὲ
611 1648 870 1695 ἀπεβλέψατε
889 1647 981 1703 πρὸς
996 1647 1210 1695 ἀλλήλους,
1242 1649 1291 1687 ὡς
1310 1644 1425 1686 αὐτὸς
1439 1645 1509 1692 μὲν
1529 1644 1686 1685 ἕκαστος

172 1702 216 1740 οὖ
252 1701 429 1752 ποιήσων,
470 1702 532 1743 τὸν
564 1703 602 1744 δὲ
631 1705 791 1747 πλησίον
823 1705 1031 1760 πράξοντα,
1064 1703 1165 1744 οὐδὲν
1199 1706 1359 1744 πώποτε
1402 1704 1490 1750 ὑμῖν
1526 1704 1685 1750 ἐγένετο.

171 1755 387 1800 Versione
407 1761 685 1813 supersedeo.
747 1761 976 1803 Sententia
1011 1765 1078 1803 est
1111 1758 1415 1814 Xenophontis
1437 1756 1541 1812 Cyri
1562 1757 1684 1799 Disc.

174 1815 222 1856 ii.
242 1815 287 1864 3,
307 1815 351 1857 3.
375 1818 500 1870 cujus
534 1820 669 1860 verba
688 1820 800 1860 hunc
830 1820 974 1861 locum
993 1818 1168 1872 egregie
1204 1819 1441 1859 illustrant.
1502 1814 1686 1857 Addidit

175 1871 269 1913 Cel.
289 1871 569 1917 Hermannus
589 1877 676 1918 duo
697 1876 912 1919 Herodoti
934 1878 1045 1925 loca,
1080 1889 1176 1929 quae
1196 1879 1241 1916 et
1261 1876 1304 1916 vi
1340 1878 1384 1915 et
1400 1875 1524 1927 justa
1550 1874 1688 1915 etiam

94 1968 100 1974 ,
173 1931 495 1985 perspicuitate
515 1934 872 1986 destituerentur,
903 1936 940 1976 si
976 1934 1091 1976 αὐτὸς
1129 1934 1329 1975 abesset:
1364 1931 1491 1974 Prior
1525 1934 1592 1972 est
1610 1931 1688 1972 vii.

181 1986 244 2028 19.
268 1992 379 2030 extr.
412 1987 535 2032 θέλων
555 1992 670 2034 αὐτὸς
691 1991 846 2034 ἕκαστος
864 1992 916 2033 τοὶ
946 1992 1169 2047 προκείμενα
1199 1990 1298 2046 δῶρα
1313 1993 1447 2038 λαβεῖν
1466 2003 1511 2043 q.
1529 2003 1565 2031 e.
1592 2001 1687 2029 cum

175 2043 283 2098 (non
329 2047 377 2088 in
416 2060 645 2090 commune
693 2050 984 2098 consulerent,
1022 2050 1116 2104 sed)
1145 2063 1224 2106 pro
1263 2062 1306 2090 se
1348 2045 1527 2104 quisque
1564 2044 1688 2087 vellet

177 2100 291 2145 dona
326 2103 573 2158 (tamquam
604 2111 723 2149 certa
757 2108 947 2162 sibique)
1013 2113 1135 2157 arata
1172 2119 1333 2162 capere.
1408 2105 1532 2147 Alter
1564 2105 1686 2146 locus

174 2160 271 2202 viii.
299 2160 393 2203 123.
423 2166 505 2204 ’ωᾶς
526 2181 582 2205 τις
603 2165 744 2207 αὐτέων
766 2169 892 2221 {wanga
921 2166 980 2206 ἒτί
1009 2182 1072 2205 ετο
1107 2164 1176 2207 τὴν
1197 2165 1342 2217 ψῆφον,
1380 2163 1498 2204 αὐτὸς
1531 2162 1694 2203 ἕκαστος

177 2216 309 2259 δοκέων
330 2218 477 2275 ἄριστος
506 2220 697 2270 γενέσθαι,
729 2222 786 2264 ad
818 2235 953 2264 unum
983 2235 1125 2264 omnes
1151 2219 1407 2277 singulatim
1433 2219 1519 2262 sibi
1535 2218 1689 2275 suffra-

175 2274 403 2329 gabantur,
435 2290 530 2320 cum
561 2277 740 2336 quisque
761 2285 950 2336 putaret,
971 2294 1017 2321 se
1044 2279 1181 2334 ipsum
1207 2279 1314 2334 (non
1346 2279 1504 2334 alium)
1535 2282 1690 2318 ceteros

171 2332 426 2387 praestitisse
459 2335 627 2378 virtute.
687 2337 810 2379 Adde
829 2336 1021 2390 Thucyd.
1057 2338 1107 2378 ii.
1135 2336 1207 2379 35.
1270 2336 1454 2385 Mirum,
1484 2336 1603 2389 quod
1619 2335 1687 2376 vir

177 2388 357 2432 doctiss.
378 2390 567 2435 Kuinoel
589 2395 635 2435 in
655 2393 799 2437 Fisch.
832 2394 1063 2436 Animadv.
1100 2395 1156 2436 ad
1185 2393 1318 2436 Well.
1341 2393 1421 2436 Gr.
1458 2394 1526 2435 iii.
1564 2393 1610 2434 b.
1640 2405 1686 2447 p.

185 2444 278 2488 184.
317 2450 522 2502 probavit
552 2453 637 2494 ista
676 2451 845 2506 Vigeri.
921 2451 1055 2493 Plura
1089 2453 1294 2507 deinceps
1333 2450 1598 2506 Hoogeveen
1632 2450 1689 2491 ad

178 2501 282 2557 vig.
304 2505 364 2547 iv.
389 2505 455 2547 12.
478 2509 627 2550 attulit
647 2510 742 2551 loca
761 2524 785 2551 e
807 2508 864 2551 N.
886 2508 938 2551 T.
961 2511 1007 2551 in
1026 2511 1184 2562 quibus
1214 2510 1328 2552 αὐτὸς
1359 2510 1530 2551 videtur
1550 2509 1687 2550 abun-

179 2560 298 2661 darri,
329 2575 428 2616 quae
448 2570 497 2608 ut
516 2566 573 2608 ad
608 2565 875 2610 Hebraicam
900 2569 1116 2610 rationem
1136 2569 1380 2623 composita
1399 2568 1511 2609 nihil
1530 2567 1588 2608 ad
1609 2579 1687 2607 nos

178 2631 237 2673 pe
282 2623 419 2664 inent.
1427 2624 1431 2628 '

232 2675 278 2717 2.
305 2677 460 2732 Neque
481 2681 527 2721 in
547 2681 635 2722 illis
654 2682 761 2724 locis
794 2683 910 2725 αὐτὸς
929 2684 1121 2726 otiosum
1150 2687 1234 2732 est,
1255 2684 1331 2725 ubi
1353 2683 1686 2740 pronominibus

179 2734 419 2788 primitivis
431 2739 632 2790 Junctum
645 2742 810 2781 veteres
828 2741 1128 2790 ἐπιταγματικὸν
1141 2743 1384 2797 appellant,
1396 2741 1455 2797 (v.
1474 2741 1686 2784 Priscian.

182 2790 259 2856 ἔίδ.
279 2793 358 2835 xii.
380 2806 427 2848 p.
449 2794 570 2850 447.)
590 2801 640 2838 ut
659 2798 747 2844 ὑμῖν
780 2801 926 2846 αὐτοῖς,
948 2797 1214 2852 σφᾶςξαύτούς.
1276 2799 1394 2842 Nam
1414 2800 1615 2845 inservit,
1637 2801 1688 2838 ut

181 2850 248 2889 lta
275 2849 434 2899 dicam,
469 2853 631 2894 clarius
660 2854 993 2897 demonstrando
1026 2858 1292 2912 pronomini,
1325 2862 1369 2899 et
1402 2857 1549 2900 altiori
1584 2868 1689 2897 voce

183 2904 444 2950 efferendum
463 2914 548 2958 est,
580 2916 631 2952 ut
661 2910 774 2954 Plat.
806 2911 1049 2968 Euthyphr.
1085 2916 1171 2956 vol.
1192 2915 1223 2956 i.
1245 2928 1289 2970 p.
1311 2915 1350 2956 5.
1400 2918 1543 2955 τούτων
1563 2916 1687 2954 αὐτῶν

183 2960 305 3014 ἕνεκα,
325 2972 499 3024 propter
515 2967 589 3013 hos
607 2966 724 3026 ipsos
760 2967 888 3025 (quos
908 2971 1001 3014 dixi
1032 2972 1183 3028 deos):
1213 2976 1260 3015 et
1279 2971 1417 3027 Gorg.
1445 2971 1532 3015 vol.
1564 2972 1621 3013 iv.
1643 2982 1689 3025 p.
