1838 3164
164 116 254 162 474
556 132 754 166 ELL1Ps1s
774 132 1027 167 CONJUNCT.
1050 133 1108 167 ET
1130 132 1335 166 ADVERB.

168 235 321 276 sertim
341 233 458 288 apud
480 232 634 276 Doras.
696 235 784 289 [Ne
804 236 969 278 credas.
1029 234 1284 290 Optativus,
1312 236 1391 289 qui
1426 235 1603 290 proprie
1621 234 1686 276 di-

167 294 299 341 citur,
319 293 414 346 ipse
434 306 513 346 per
532 306 577 334 se
598 296 737 348 optat,
755 306 896 347 neque
915 294 1048 335 ullius
1069 295 1234 347 indiget
1251 295 1479 348 particulae
1499 292 1682 348 optandi

167 350 430 392 accessione.
461 351 680 407 Somnum]
742 350 1058 393 Grammatici:
1090 350 1147 392 Οἱ
1166 354 1330 406 Δωριεῖς
1358 352 1409 394 τὰ
1435 349 1591 393 εὐκτικαὶ
1610 353 1684 391 τῶν

168 409 351 463 ῥημάτων
372 405 458 448 ἄνευ
478 408 681 457 συνδέσμου
696 409 791 450 τινὸς
810 411 1052 464 προφέρονται
1081 408 1311 464 Oppianus
1329 421 1339 449 z

453 464 608 506 Ἀείδω·
629 467 817 514 βοίλλοιμι
837 466 871 506 δ’
892 466 954 507 ἐπὶ
973 469 1123 509 σκοπόν.

169 521 429 565 Theocritus
450 521 573 578 Idyll.
596 525 656 565 vi.
678 537 765 566 ver.
786 523 859 566 22.

342 578 396 620 K'
419 581 462 621 οὔ
478 584 520 629 μ’
543 579 676 630 ἔλαθ’,
706 584 748 622 οὐ
769 581 831 623 τὸν
854 582 942 629 ἐμὸν
963 583 1025 625 τὸν
1045 583 1106 625 ἕνα
1122 580 1283 631 «γλυκὺν,
1314 583 1342 637 ᾧ
1360 579 1573 636 ποθ’όρημι.

172 635 391 694 [ωοθὸρνιμι
412 642 478 679 est
497 636 638 680 video.
686 638 1007 682 Valckenarius
1025 655 1035 681 :
1069 647 1099 666 “
1125 639 1410 681 Scribendum
1429 642 1554 693 puto,
1575 637 1603 693 ᾧ
1622 653 1690 678 πο-

169 694 315 752 &ogeyum
335 709 435 737 eum
466 694 522 736 D.
557 695 776 743 Heinsio;
808 703 942 752 atque
963 700 1028 741 ita
1046 697 1127 739 Ed.
1153 696 1374 740 Brunck.”
1435 695 1552 737 Mihi
1575 695 1685 736 indi-

167 755 356 802 cativus,
377 756 427 794 ut
445 754 818 796 accommodatior
851 756 1145 811 philosophiae
1168 754 1422 811 Cyclopum,
1461 754 1591 796 unice
1623 756 1687 794 te-

169 812 335 854 nendus
356 811 544 852 videtur.
577 811 799 867 Senium]
829 812 949 855 Idem
968 813 1091 869 Idyll.
1113 813 1190 856 vii.
1218 811 1314 854 154.

688 870 734 911 ἇς
756 869 818 912 ἐπὶ
838 877 942 928 σωρῷ

340 924 468 968 Αὖθις
489 927 564 976 ἐγὼ
584 923 758 977 πᾶξαιμι
776 930 882 976 μέγα
898 931 1038 971 πτύον.

167 982 281 1027 Vide
301 983 357 1026 ad
376 985 572 1040 priorem
592 986 735 1028 locum
756 985 1072 1028 Doctissimum
1095 985 1341 1028 Heinsium.

756 1086 783 1113 ²*
814 1085 980 1137 EKEI,
1012 1085 1118 1128 IBI.

227 1162 426 1217 Cogente
472 1167 679 1206 contextu
732 1165 974 1219 saepissime
1008 1164 1248 1219 suppletur.
1327 1162 1475 1216 Actor.
1514 1160 1614 1202 xiii.
1659 1160 1693 1200 l:

160 1220 296 1263 'How
317 1221 356 1262 δέ
379 1239 471 1262 τινες
494 1224 528 1263 ἐν
547 1223 791 1275 Ἀντιοχείᾳ,
823 1222 928 1263 κατὰ
961 1222 1032 1264 τὴν
1062 1220 1171 1262 οὖσαν
1193 1223 1396 1264 ἐκκλησίαν
1416 1221 1613 1275 προφῆται
1629 1215 1694 1257 καὶ

170 1280 402 1320 διδάσκαλοι.
468 1278 635 1333 Supple
654 1280 758 1320 κατα
779 1280 848 1323 τῆν
870 1281 950 1320 ἐκεῖ
970 1277 1314 1322 οὖσανέκκλησίαν.
1375 1278 1477 1318 Alia
1493 1276 1694 1330 exempla

170 1337 400 1379 adnotavit
419 1335 608 1378 Noldius
630 1338 676 1377 in
697 1336 908 1378 Concord.
929 1351 974 1391 p.
999 1336 1082 1378 767
1097 1335 1129 1378 ⁰¹.
1163 1336 1430 1377 ScIiOETTG.
1631 1388 1634 1390 v

227 1394 253 1421 *
285 1392 437 1435 Unum
457 1399 629 1435 tantum
651 1397 792 1435 locum
827 1396 987 1435 adtulit
1008 1394 1362 1447 Schoettgenius.
1420 1391 1525 1434 Fuit
1544 1393 1692 1432 autem

171 1452 225 1494 dc
247 1452 331 1493 hac
359 1452 504 1506 ellipsi
525 1453 799 1506 disputatum
820 1454 934 1493 inter
953 1453 1005 1493 cl.
1029 1450 1233 1493 Ikenium
1253 1456 1298 1492 et
1319 1451 1381 1491 τὸν
1402 1450 1516 1490 δεῖνα.
1569 1447 1693 1488 Adde

170 1523 273 1564 ergo
294 1509 389 1550 Act.
408 1510 438 1549 i.
459 1507 501 1549 4.
523 1511 730 1564 περιμένειν
751 1510 880 1564 (ἐκεῖ).
898 1525 935 1551 c.
970 1510 1043 1550 xli.
1073 1509 1135 1551 19.
1168 1509 1343 1565 διέτριβεν
1363 1510 1491 1560 (ἐκεῖ).
1518 1521 1556 1550 c.
1586 1504 1690 1547 xxii.

176 1567 243 1610 12.
261 1573 335 1608 τῶν
356 1570 627 1608 κατοικούντων
646 1566 761 1621 (ἐκεῖ)
779 1567 991 1608 Ἰουδαίων.
1025 1566 1074 1608 F.
1096 1566 1171 1608 ST.

521 1667 547 1694 *
578 1665 723 1708 EKEI
759 1668 828 1708 vel
860 1665 1100 1714 ΕΚΕΙΣΕ,
1132 1664 1333 1708 ILLUC.

229 1740 468 1784 Subaudiri
485 1745 634 1796 potest
654 1743 746 1783 haec
769 1754 854 1783 vox
872 1741 989 1796 apud
1007 1739 1188 1782 Homer.
1220 1739 1349 1782 Iliad.
1374 1737 1424 1781 Γ.
1446 1751 1487 1780 v.
1515 1736 1610 1789 145.

347 1797 469 1848 Αἶψα
490 1799 523 1839 δ’
543 1800 659 1840 ’ἔπειτ’
679 1799 816 1851 ἵκανον,
848 1797 907 1839 ὅθι
928 1798 1066 1840 Σκαιαὶ
1085 1801 1211 1840 πύλαι
1227 1797 1336 1842 ἦσαν.

172 1857 555 1907 Quemadmodum
576 1858 710 1899 etiam
731 1858 847 1912 apud
864 1855 1046 1898 Latinos
1063 1870 1112 1898 eo
1132 1858 1201 1898 vel
1222 1855 1327 1898 illuc
1341 1855 1692 1911 supprimuntur.

173 1915 332 1969 Virgil.
356 1914 506 1968 Eclog.
530 1915 597 1955 iii.
620 1914 690 1956 88.

348 1971 438 2021 Qui
460 1979 514 2021 te,
538 1971 699 2020 Poeno,
722 1979 853 2020 amat,
875 1971 1036 2020 veniat,
1057 1985 1139 2029 quo
1162 1977 1200 2013 te
1221 1984 1385 2027 quoque
1404 1967 1582 2028 gaudet.

170 2045 253 2087 pro
285 2045 350 2078 eo,
382 2045 479 2087 quo.
538 2029 768 2072 Terentius
807 2030 1117 2072 Heautontim.
1178 2028 1276 2072 Act.
1310 2044 1349 2071 v.
1372 2027 1442 2070 Sc.
1462 2028 1489 2068 i.
1511 2040 1599 2069 ver.
1624 2025 1695 2067 73.

174 2088 234 2131 Et
252 2088 462 2144 redigam,
493 2093 555 2135 ut,
591 2101 674 2144 quo
695 2102 738 2130 se
764 2095 915 2137 vertat,
937 2087 1125 2131 nesciat:
1154 2101 1237 2143 pro
1256 2101 1320 2135 eo,
1355 2091 1419 2134 ut,
1444 2098 1527 2142 quo
1545 2096 1699 2127 sever-

173 2153 255 2196 tat,
276 2145 455 2189 neseiat.
489 2145 703 2189 SCHWEB.

744 2218 771 2245 ²*
801 2216 1112 2260 ΕΝΤΑὙΘΑ.

234 2293 362 2342 Quod
395 2294 442 2335 in
475 2293 631 2335 Bossio
671 2297 878 2334 notatum
919 2305 1007 2333 non
1051 2292 1190 2338 vides,
1223 2291 1400 2346 supplet
1432 2289 1703 2332 Scholiastes

177 2351 375 2406 Thucyd.
398 2365 440 2392 V.
468 2351 503 2393 1.
526 2353 572 2392 in
595 2352 713 2392 οὕτως
733 2353 782 2392 ὡς
802 2350 959 2391 ἕκαστος
980 2350 1149 2405 ὥρμητο.
1182 2347 1232 2390 F.
1259 2349 1338 2390 ST.

405 2458 428 2480 *
461 2451 667 2493 ΕΝΤΟΣ
698 2453 765 2494 vel
796 2451 931 2500 ΕΣΩ,
963 2449 1157 2493 INTRA
1187 2451 1253 2494 vel
1286 2448 1487 2492 INTUS.
1524 2502 1529 2506 .

241 2525 326 2568 Hae
346 2526 575 2581 particulae
597 2538 683 2567 non
709 2525 982 2566 incommode
1017 2523 1244 2566 subaudiri
1267 2527 1453 2578 possunt
1473 2524 1518 2565 in
1538 2521 1700 2567 verbis,

183 2599 281 2639 quae
317 2586 372 2625 ab
410 2583 570 2625 Atticis
609 2585 654 2624 in
692 2584 849 2637 primis
886 2581 1106 2623 Genitivis
1130 2583 1394 2636 junguntur,
1433 2591 1699 2635 quamquam

185 2643 525 2697 Praepositiones
560 2654 658 2682 cum
715 2642 769 2683 iis
810 2642 1053 2694 conjunctae
1089 2641 1228 2681 alium
1272 2638 1700 2691 casumvrequirant.

181 2700 230 2742 E.
253 2715 296 2754 g.
330 2699 561 2753 Euripides
592 2698 747 2739 Phoen.
786 2712 875 2739 ver.
910 2697 1010 2739 454.
1048 2695 1162 2739 Τὸνδ’
1195 2695 1366 2746 εἰσεδέξω
1407 2698 1579 2749 τειχέων.
1625 2694 1704 2736 ubi

182 2759 320 2801 schol.
357 2757 499 2798 Graec.
534 2756 618 2797 ἀντὶ
644 2760 711 2798 τοῦ
731 2755 816 2796 εἴσω
839 2755 964 2805 ἐδέξω.
1026 2755 1265 2810 Sophocles
1293 2753 1415 2808 Ajac.
1449 2766 1541 2794 ver.
1579 2750 1704 2795 1291.

172 2815 748 2873 “Ερκε’ων--ἐγκεκλεισμένουε.
795 2814 871 2855 ubi
918 2814 1068 2856 itidem
1109 2813 1245 2856 schol.
1296 2811 1375 2854 Gr.
1417 2812 1541 2852 λείπει
1585 2811 1703 2864 ἐντός,

328 2958 344 2987 ¹²
367 2957 503 2997 Marcus
517 2957 644 2999 Evang.
656 2955 734 2991 viii.
754 2959 782 2991 l.
805 2954 995 2998 παμπόλλομ
1008 2954 1105 2998 ὄχλου
1118 2953 1204 2993 ὄντος,
1226 2953 1303 2992 scil.
1318 2954 1386 3003 ἐκεῖ.
1409 2952 1529 3001 Μιείιἰ

350 3124 365 3151 Ι
