1838 3164
735 148 1119 186 :mon-m.
1641 136 1696 183 91

177 252 227 295 in
250 251 452 296 fraudem
475 252 689 296 inducens
720 249 999 309 Lennepium
1028 253 1086 296 ad
1116 250 1292 295 Phalar.
1323 265 1371 309 p.
1406 253 1508 298 338.
1531 255 1574 297 b.
1606 266 1695 298 non

175 311 287 354 item
313 311 654 354 Valckenarium
679 312 711 354 1.
738 325 778 353 c.
810 324 955 367 neque
981 309 1204 367 Toupium
1225 309 1456 354 Emendat.
1488 313 1538 354 in
1572 312 1692 355 Suid.

174 370 210 411 t.
242 369 294 412 ii.
326 383 373 425 p.
398 368 499 415 319,
568 367 704 419 Pleno
732 369 869 411 etiam
908 369 1165 424 Anonymus
1194 370 1315 424 apud
1341 369 1523 412 Suidam
1554 373 1587 411 t.
1626 372 1694 414 iii.

176 439 223 482 p.
241 426 342 470 548.
364 425 473 469 εΈᾱνιις
489 426 560 476 μὲν
593 424 652 468 οὖν
676 426 835 481 ἤλπιζον
851 426 922 470 τῆν
941 428 1178 483 στρατηγίαν
1198 430 1270 471 τῆς
1286 427 1334 469 ἕω
1360 428 1473 484 παρὰ
1490 430 1695 476 βασιλέως,

174 483 329 527 mitras
342 482 470 527 ἄλλας
486 483 661 533 ἐλπίδας,
695 483 742 527 ἃς
765 487 949 531 ὑπέτεινεν
970 486 1119 536 ἐκεῖνος,
1149 484 1313 528 σπουδὴν
1347 483 1568 526 ἐδείκνυσαν.
1626 485 1695 527 Si-

174 543 340 585 militer
357 541 597 596 Dionysius
621 541 767 585 Halic.
788 541 896 585 Ant.
915 541 1048 585 Rom.
1074 544 1184 586 t.vii.
1211 556 1258 598 p.
1287 541 1387 584 749.
1417 544 1598 584 τοιαύτας
1616 543 1693 599 «γὰρ

173 603 307 642 αὐτοῖς
323 601 507 642 ὖπέτεινεν
528 602 546 641 ὃ
566 598 774 655 Ταρκύνιος
792 601 864 642 τας
888 602 1128 655 ὑποσχέσεις,
1159 600 1361 650 ἐξαπατῶν
1377 600 1441 641 καὶ
1473 601 1693 657 φενακίζων.

171 670 272 711 quae
299 669 529 712 compares
558 671 660 700 cum
690 658 1049 714 Aristophanicis
1080 658 1274 700 Acharn.
1304 671 1349 700 v.
1384 657 1482 700 657.
1539 658 1698 700 Altera.

169 714 408 764 locutione,
423 717 634 769 ὑποφαίνειν
649 715 804 768 ἐλπίδα,
819 729 926 758 usus
945 722 1012 760 est
1030 716 1253 759 Diodorus
1284 715 1373 758 Sic.
1394 717 1485 757 xiv.
1505 729 1602 770 cap.
1619 715 1694 759 39.

170 773 351 822 μεγάλας
381 774 591 827 ὖποφαίνων
620 774 732 831 παρὰ
753 779 821 818 τοῦ
846 777 1034 824 βασιλέως
1059 773 1238 822 ἐλπίδας.
1268 775 1347 816 ubi
1367 788 1408 816 v.
1425 773 1694 828 wesseling.

170 827 286 872 Add.
304 830 359 873 de
376 834 561 885 utraque
581 830 833 888 Lennepius
853 833 883 874 l.
901 847 940 875 c.
974 831 1178 875 SanEr.

577 917 599 941 *
616 914 1055 966 EMATTON‚ME
1075 914 1290 960 IPSUM.

221 985 443 1041 Ἐμαυτὸν,
459 1002 528 1031 me
546 988 702 1046 ipsum,
725 1003 815 1033 non
839 991 987 1033 minus
1016 1004 1151 1045 quam
1172 989 1328 1032 σεαυτὸν
1350 992 1396 1032 et
1414 988 1545 1031 ἑαυτὸν
1576 987 1692 1043 (quae

171 1045 268 1087 loco
286 1058 366 1088 suo
391 1047 513 1103 vide)
536 1048 798 1091 subauditur
818 1049 864 1090 in
892 1048 1038 1090 verbis
1064 1049 1332 1090 transitivis.
1390 1047 1441 1090 E.
1464 1062 1509 1101 g.
1538 1046 1690 1089 Actor.

171 1102 289 1145 niv.
314 1102 381 1147 16.
402 1105 438 1147 ἐν
457 1108 581 1162 τούτῳ
612 1104 651 1147 δὲ
668 1105 786 1147 αὐτὸς
804 1109 923 1147 α’σκῶ.
954 1119 1052 1161 cap.
1077 1108 1139 1147 ix.
1163 1105 1205 1147 6.
1238 1104 1420 1158 θαμβᾱὶν,
1455 1103 1694 1163 obstupefa-

166 1158 300 1211 cies-m,
317 1174 399 1217 pro
421 1161 744 1220 obStuquactuS.
778 1163 927 1206 M1011.

627 1254 651 1279 *
667 1253 978 1303 ΕΜΒΑΔΕΣ,
999 1253 1233 1297 C'ALCEI.

227 1323 366 1368 Deest
380 1327 428 1369 in
448 1327 685 1376 Λακωνικαὶ,
702 1327 821 1382 apud
840 1326 1185 1382 Aristophanem
1207 1325 1402 1369 Ἐκκλησ.
1434 1325 1502 1367 74.
1523 1329 1570 1366 et
1587 1323 1691 1367 345.

168 1381 513 1440 [Thesmophor.
531 1400 573 1428 V.
600 1384 697 1428 142.
728 1390 808 1427 mov
826 1387 1007 1438 χλαῖνας
1037 1390 1116 1427 ποῦ
1145 1384 1388 1430 Λακωνικαί;
1418 1384 1496 1424 ubi
1519 1381 1695 1483 grune-

167 1440 297 1483 kiust
362 1447 392 1467 “
427 1442 662 1485 Λακωνικαί·
715 1442 863 1498 ἀνδρεῖα
906 1441 1158 1491 ὑποδήματα.
1235 1441 1397 1483 Suidas
1445 1455 1471 1483 e
1560 1441 1692 1482 omici

167 1496 414 1543 Scholiaste
441 1502 500 1543 ad
530 1500 662 1556 Vesp.
699 1500 849 1542 1159.'’
910 1500 1134 1556 SCHAEF]
1176 1498 1227 1542 In
1263 1499 1467 1555 Περσικαὶ,
1495 1497 1690 1541 Ἐιέκλησ.

164 1554 266 1598 319.
298 1557 501 1614 [Lysistr.
522 1573 565 1601 v.
583 1558 811 1608 229‚-230.
839 1558 893 1599 τά
912 1558 1101 1615 Περσικαί.
1130 1558 1208 1600 ubi
1227 1558 1414 1599 subaudi
1437 1555 1687 1605 ὑποδήματα.

168 1613 255 1656 Sed
275 1613 524 1660 Brunckius
551 1618 607 1659 ad
628 1618 672 1659 h.
693 1619 724 1660 l.
757 1623 787 1642 ‘⁶
812 1615 1077 1658 Mendosum
1108 1621 1191 1667 est,
1216 1620 1267 1657 ut
1288 1628 1402 1663 reor,
1424 1614 1476 1655 τα
1498 1613 1689 1669 Περσικαί.

88 1711 90 1714 ,
164 1669 280 1715 Aliis
305 1675 353 1716 in
381 1676 505 1726 locis,
535 1676 613 1717 ubi
643 1688 804 1717 nomen
834 1675 916 1717 hoc
934 1675 1143 1721 occurrit,
1171 1674 1316 1715 forma
1335 1672 1554 1714 feminina
1581 1673 1691 1725 legi-

164 1732 263 1772 tur:
303 1730 478 1775 Thesm.
509 1732 609 1776 734.
638 1732 774 1775 Cone.
802 1731 905 1775 319.
943 1731 1066 1775 Nub.
1090 1731 1184 1775 151.
1227 1730 1384 1772 Pollux
1404 1730 1482 1771 vii.
1508 1729 1581 1771 92.
1610 1728 1691 1770 ἴδια

164 1786 205 1830 δὲ
224 1795 407 1838 «γυναικῶν
427 1792 680 1841 ὑποδήματα,
710 1791 915 1847 Περσικαί.
975 1790 1049 1832 Sic
1079 1791 1126 1831 in
1156 1788 1289 1830 MSS.
1319 1789 1542 1842 scriptum.
1602 1785 1690 1828 Re-

162 1858 280 1900 pone
315 1849 467 1902 itaque
501 1850 575 1891 τας
597 1849 835 1905 Περσικαίς.”
892 1846 1133 1900 vulgatam
1161 1846 1372 1888 defendas
1405 1847 1472 1886 his
1498 1844 1688 1886 Pollucis

163 1905 194 1946 l.
220 1919 259 1947 c.
289 1903 520 1962 Τυῤῥηνικα,
550 1906 836 1963 Τυῤῥηνουργῆ,
871 1904 1068 1947 Σικυώνια.
1140 1903 1351 1947 Ceterum
1388 1903 1543 1945 Pollux
1571 1915 1688 1944 com-

164 1970 379 2006 memorat
419 1966 556 2007 etiam
593 1963 898 2019 Μεσοπερσικοίς.
944 1962 1172 2016 Senum]
1238 1962 1424 2016 Supplet
1464 1961 1579 2001 hunc
1616 1961 1689 2001 de-

163 2019 330 2062 fectum
358 2022 588 2077 Aristoph.
639 2021 833 2064 Ἐκκλησ.
876 2019 977 2063 504.
1018 2034 1098 2075 per
1123 2021 1243 2063 ἡνίας.
1303 2019 1425 2074 [Non
1457 2018 1686 2072 suppletur

164 2077 228 2119 ibi
254 2078 465 2122 defectus.
518 2079 654 2123 ‘Hm'ou
686 2080 803 2120 enim
829 2090 918 2120 non
945 2082 1049 2121 sunt
1080 2079 1165 2134 ipsi
1195 2077 1344 2125 calcei,
1376 2076 1450 2118 sed
1479 2078 1574 2118 lora
1601 2077 1688 2117 cal-

162 2135 252 2177 ceis
277 2138 556 2191 colligandis.
630 2136 857 2191 Senum]
914 2135 1023 2178 Item
1056 2138 1104 2178 in
1129 2135 1368 2191 περιβαρίδες
1398 2133 1582 2188 Lysistr.
1611 2132 1685 2175 45.

163 2190 327 2235 Lmsn.
386 2195 633 2239 Brunckius
656 2195 713 2237 ad
746 2196 790 2236 h.
823 2196 854 2235 l.
889 2193 1188 2250 “Hzpassoepa'sszs
1214 2195 1345 2236 calcei
1373 2195 1492 2240 sunt,
1523 2192 1685 2245 quibus

161 2251 350 2294 maxime
378 2255 617 2296 utebantur
640 2254 826 2300 ancillae‚
849 2256 962 2294 teste
994 2251 1166 2294 Polluce
1197 2254 1275 2294 vii.
1309 2250 1380 2293 92.
1402 2250 1532 2307 v„quod
1554 2250 1686 2305 paulo

162 2321 295 2364 supra
307 2312 534 2354 confirmat
553 2313 622 2354 his
643 2310 929 2365 Cephisodori
948 2311 1171 2352 versibus:

618 2368 802 2410 σανδάλιά
827 2385 869 2408 τε
895 2372 970 2409 τῶν
999 2365 1283 2421 λεπτοσχιδῶν,

334 2425 394 2479 ἐφ’
418 2426 473 2469 οἷς
497 2427 550 2468 τα
578 2429 710 2483 χρυσᾶ
736 2427 848 2468 ταῦτ’
877 2427 1025 2467 ἔπεστιν
1052 2424 1220 2473 ἄνθεμα·

333 2487 392 2524 νῦν
418 2483 471 2533 δ’,
497 2485 621 2540 ὥσπερ
645 2485 671 2528 ἦ
697 2483 911 2539 θεράπαινᾎ
936 2484 1022 2536 ἔχω
1045 2481 1307 2539 περιβαρίδας.
1580 2531 1585 2535 ⁴

161 2538 293 2587 Quod
322 2544 471 2584 tamen
509 2543 620 2583 nihil
657 2542 779 2583 aliud
810 2542 1020 2589 ostendit,
1062 2553 1196 2595 quam
1225 2539 1474 2596 περιβαρίδας
1512 2538 1683 2580 calceos

160 2597 297 2640 fuisse
320 2599 467 2642 minus
495 2601 729 2656 pretioso&
759 2600 919 2652 quibus
949 2599 1084 2641 etiam
1104 2599 1305 2652 ingenuae
1329 2598 1395 2639 uti
1425 2596 1681 2652 poterant.”

162 2654 456 2700 scholiastes:
499 2655 616 2699 Εἶδος
650 2656 913 2706 ὑποδήματος,
954 2659 995 2699 αἶ
1017 2655 1271 2713 περιβαρίδες.
1303 2657 1353 2697 ὡς
1378 2653 1616 2703 Θεόπομπος
1649 2655 1683 2694 ἐν

161 2711 343 2770 Σειρῆσιν·
366 2713 541 2759 *Ὺποδοῦ
563 2713 696 2763 λαβὼν
721 2714 794 2756 τὰς
815 2715 1076 2771 περιβαρίδας.
1107 2728 1205 2768 quae
1224 2713 1383 2755 Suidas
1403 2717 1433 2755 f.
1452 2713 1515 2754 iii.
1538 2725 1583 2766 p.
1606 2710 1679 2752 82.

160 2782 250 2813 non
277 2774 373 2814 sine
390 2775 504 2816 vitio
527 2773 790 2827 exscripsit:
820 2777 1041 2817 correctus
1063 2786 1090 2814 a
1111 2772 1284 2827 Toupio
1310 2769 1536 2813 Emendat.
1571 2772 1605 2809 t.
1629 2769 1678 2809 ii.

158 2840 206 2882 p.
224 2828 297 2872 50.
356 2831 630 2875 Dicebantur
647 2831 782 2873 iidem
809 2832 1012 2888 περίβαρα.
1068 2829 1318 2882 Utrumque
1343 2828 1455 2885 παρὰ
1479 2827 1524 2868 τὸ
1548 2828 1680 2881 βάρος,

160 2888 279 2940 quod
308 2889 466 2932 docent
487 2890 637 2938 etiam,
658 2893 1082 2948 quaepopponuntur,
1109 2888 1292 2932 σανδάλια
1318 2891 1392 2930 τῶν
1417 2883 1684 2938 λεπτοσχιδῶν

156 2941 207 2987 in
223 2942 512 3002 Cephisodoti
526 2949 788 3002 fragmento.
849 2948 1052 2991 Sonam.
