<?xml version="1.0" encoding="UTF-8"?>
<!DOCTYPE html PUBLIC "-//W3C//DTD XHTML 1.0 Transitional//EN"
    "http://www.w3.org/TR/xhtml1/DTD/xhtml1-transitional.dtd">
<html xmlns="http://www.w3.org/1999/xhtml" xml:lang="en" lang="en">
 <head>
  <title>
</title>
<meta http-equiv="Content-Type" content="text/html;charset=utf-8" />
  <meta name='ocr-system' content='tesseract 3.04.00' />
  <meta name='ocr-capabilities' content='ocr_page ocr_carea ocr_par ocr_line ocrx_word'/>
</head>
<body>
  <div class='ocr_page' id='page_1' title='image "./ellipsesgraecaec00bosluoft_0235.png"; bbox 0 0 1838 3164; ppageno 0'>
   <div class='ocr_carea' id='block_1_1' title="bbox 746 114 1666 168">
    <p class='ocr_par' dir='ltr' id='par_1_1' title="bbox 746 114 1666 168">
     <span class='ocr_line' id='line_1_1' title="bbox 746 114 1666 168; baseline -0.011 0"><span class='ocrx_word' id='word_1_1' title='bbox 746 137 1065 168; x_wconf 65' lang='lat' dir='ltr'><strong>mrem—norm.</strong></span> <span class='ocrx_word' id='word_1_2' title='bbox 1587 114 1666 159; x_wconf 87' lang='lat'><strong>189</strong></span> 
     </span>
    </p>
   </div>
   <div class='ocr_carea' id='block_1_2' title="bbox 78 230 1680 1233">
    <p class='ocr_par' dir='ltr' id='par_1_2' title="bbox 78 230 1672 587">
     <span class='ocr_line' id='line_1_2' title="bbox 147 230 1672 292; baseline -0.009 -6"><span class='ocrx_word' id='word_1_3' title='bbox 147 241 338 286; x_wconf 79' lang='lat' dir='ltr'><strong>Fallitur</strong></span> <span class='ocrx_word' id='word_1_4' title='bbox 374 240 611 284; x_wconf 85' lang='lat' dir='ltr'><strong>Leisnerus</strong></span> <span class='ocrx_word' id='word_1_5' title='bbox 643 237 700 279; x_wconf 82' lang='lat' dir='ltr'><strong>ad</strong></span> <span class='ocrx_word' id='word_1_6' title='bbox 733 238 923 292; x_wconf 75' lang='grc' dir='ltr'>ἐπίχειρον</span> <span class='ocrx_word' id='word_1_7' title='bbox 953 233 1224 277; x_wconf 87' lang='lat' dir='ltr'><strong>subaudiens</strong></span> <span class='ocrx_word' id='word_1_8' title='bbox 1259 230 1483 280; x_wconf 62' lang='grc' dir='ltr'>μίσθωμαε</span> <span class='ocrx_word' id='word_1_9' title='bbox 1529 245 1672 285; x_wconf 89' lang='lat' dir='ltr'><strong>neque</strong></span> 
     </span>
     <span class='ocr_line' id='line_1_3' title="bbox 147 288 1668 354; baseline -0.011 -9"><span class='ocrx_word' id='word_1_10' title='bbox 147 302 267 344; x_wconf 85' lang='lat' dir='ltr'><strong>enim</strong></span> <span class='ocrx_word' id='word_1_11' title='bbox 307 300 573 354; x_wconf 83' lang='lat' dir='ltr'><strong>adjectivum</strong></span> <span class='ocrx_word' id='word_1_12' title='bbox 615 296 808 350; x_wconf 71' lang='grc' dir='ltr'>ἐπίχειρος</span> <span class='ocrx_word' id='word_1_13' title='bbox 832 302 1031 346; x_wconf 82' lang='lat' dir='ltr'><strong>&#39;usquam</strong></span> <span class='ocrx_word' id='word_1_14' title='bbox 1080 290 1292 345; x_wconf 79' lang='lat' dir='ltr'><strong>reperias.</strong></span> <span class='ocrx_word' id='word_1_15' title='bbox 1371 288 1557 341; x_wconf 81' lang='lat' dir='ltr'><strong>Etymol.</strong></span> <span class='ocrx_word' id='word_1_16' title='bbox 1599 288 1668 330; x_wconf 91' lang='lat' dir='ltr'><strong>M.</strong></span> 
     </span>
     <span class='ocr_line' id='line_1_4' title="bbox 145 346 1669 415; baseline -0.009 -14"><span class='ocrx_word' id='word_1_17' title='bbox 145 372 245 415; x_wconf 86' lang='lat' dir='ltr'><strong>cap.</strong></span> <span class='ocrx_word' id='word_1_18' title='bbox 266 357 370 406; x_wconf 88' lang='grc'><strong>367,</strong></span> <span class='ocrx_word' id='word_1_19' title='bbox 388 356 461 400; x_wconf 79' lang='lat'><strong>27.</strong></span> <span class='ocrx_word' id='word_1_20' title='bbox 517 353 746 408; x_wconf 79' lang='grc' dir='ltr'>Ἐπίχειρα,</span> <span class='ocrx_word' id='word_1_21' title='bbox 763 355 795 395; x_wconf 75' lang='grc' dir='ltr'>οἱ</span> <span class='ocrx_word' id='word_1_22' title='bbox 815 350 961 400; x_wconf 64' lang='grc' dir='ltr'>μισθοῖ.</span> <span class='ocrx_word' id='word_1_23' title='bbox 985 348 1158 390; x_wconf 83' lang='lat' dir='ltr'><strong>Eximie</strong></span> <span class='ocrx_word' id='word_1_24' title='bbox 1177 347 1390 400; x_wconf 86' lang='lat' dir='ltr'><strong>Tragicus</strong></span> <span class='ocrx_word' id='word_1_25' title='bbox 1411 346 1669 402; x_wconf 73' lang='lat' dir='ltr'><strong>(Sophocles</strong></span> 
     </span>
     <span class='ocr_line' id='line_1_5' title="bbox 146 401 1670 465; baseline -0.009 -6"><span class='ocrx_word' id='word_1_26' title='bbox 146 415 442 464; x_wconf 79' lang='lat' dir='ltr'><strong>Valckenario</strong></span> <span class='ocrx_word' id='word_1_27' title='bbox 477 410 775 465; x_wconf 60' lang='lat' dir='ltr'><strong>and-Euripid.</strong></span> <span class='ocrx_word' id='word_1_28' title='bbox 814 408 1000 463; x_wconf 68' lang='lat' dir='ltr'><strong>Hippoi.</strong></span> <span class='ocrx_word' id='word_1_29' title='bbox 1046 421 1088 461; x_wconf 89' lang='lat' dir='ltr'><strong>p.</strong></span> <span class='ocrx_word' id='word_1_30' title='bbox 1121 405 1224 448; x_wconf 79' lang='lat'><strong>207.</strong></span> <span class='ocrx_word' id='word_1_31' title='bbox 1258 419 1300 446; x_wconf 85' lang='lat' dir='ltr'><strong>a.</strong></span> <span class='ocrx_word' id='word_1_32' title='bbox 1339 403 1391 445; x_wconf 92' lang='lat' dir='ltr'><strong>B.</strong></span> <span class='ocrx_word' id='word_1_33' title='bbox 1431 401 1670 458; x_wconf 90' lang='lat' dir='ltr'><strong>Eurip‘ides</strong></span> 
     </span>
     <span class='ocr_line' id='line_1_6' title="bbox 79 461 1669 523; baseline -0.009 -5"><span class='ocrx_word' id='word_1_34' title='bbox 79 521 82 523; x_wconf 16' lang='grc' dir='ltr'><strong>Α</strong></span> <span class='ocrx_word' id='word_1_35' title='bbox 149 468 490 516; x_wconf 83' lang='lat' dir='ltr'><strong>Hemsterhusio</strong></span> <span class='ocrx_word' id='word_1_36' title='bbox 517 468 576 511; x_wconf 85' lang='lat' dir='ltr'><strong>ad</strong></span> <span class='ocrx_word' id='word_1_37' title='bbox 606 467 789 510; x_wconf 85' lang='lat' dir='ltr'><strong>Lucian.</strong></span> <span class='ocrx_word' id='word_1_38' title='bbox 823 470 857 509; x_wconf 90' lang='lat' dir='ltr'><strong>t.</strong></span> <span class='ocrx_word' id='word_1_39' title='bbox 887 467 920 508; x_wconf 93' lang='lat' dir='ltr'><strong>i.</strong></span> <span class='ocrx_word' id='word_1_40' title='bbox 952 479 999 521; x_wconf 92' lang='lat' dir='ltr'><strong>p.</strong></span> <span class='ocrx_word' id='word_1_41' title='bbox 1038 462 1134 513; x_wconf 84' lang='lat'>106,</span> <span class='ocrx_word' id='word_1_42' title='bbox 1169 463 1266 518; x_wconf 87' lang='grc'>51.)</span> <span class='ocrx_word' id='word_1_43' title='bbox 1296 463 1417 518; x_wconf 86' lang='lat' dir='ltr'><strong>apud</strong></span> <span class='ocrx_word' id='word_1_44' title='bbox 1449 461 1669 505; x_wconf 89' lang='lat' dir='ltr'><strong>Clement.</strong></span> 
     </span>
     <span class='ocr_line' id='line_1_7' title="bbox 78 525 707 587; baseline -0.014 -12"><span class='ocrx_word' id='word_1_45' title='bbox 78 533 84 537; x_wconf 71' lang='grc'><em>“</em></span> <span class='ocrx_word' id='word_1_46' title='bbox 151 531 280 574; x_wconf 84' lang='lat' dir='ltr'>Alex.</span> <span class='ocrx_word' id='word_1_47' title='bbox 298 544 345 587; x_wconf 86' lang='lat' dir='ltr'><strong>p.</strong></span> <span class='ocrx_word' id='word_1_48' title='bbox 369 528 470 580; x_wconf 84' lang='lat'><strong>588,</strong></span> <span class='ocrx_word' id='word_1_49' title='bbox 487 527 560 569; x_wconf 88' lang='lat'><strong>30.</strong></span> <span class='ocrx_word' id='word_1_50' title='bbox 594 525 707 568; x_wconf 92' lang='lat' dir='ltr'><strong>Pott.</strong></span> 
     </span>
    </p>

    <p class='ocr_par' dir='ltr' id='par_1_3' title="bbox 321 589 1139 649">
     <span class='ocr_line' id='line_1_8' title="bbox 321 589 1139 649; baseline -0.009 -11"><span class='ocrx_word' id='word_1_51' title='bbox 321 594 383 638; x_wconf 60' lang='grc' dir='ltr'><strong>ὅθ’</strong></span> <span class='ocrx_word' id='word_1_52' title='bbox 399 595 512 636; x_wconf 77' lang='grc' dir='ltr'>οὕνεκ’</span> <span class='ocrx_word' id='word_1_53' title='bbox 532 593 650 649; x_wconf 66' lang='grc' dir='ltr'>ἀρετὴ</span> <span class='ocrx_word' id='word_1_54' title='bbox 671 595 746 633; x_wconf 78' lang='grc' dir='ltr'><strong>τᾶἱν</strong></span> <span class='ocrx_word' id='word_1_55' title='bbox 763 593 797 632; x_wconf 80' lang='grc' dir='ltr'>ἐν</span> <span class='ocrx_word' id='word_1_56' title='bbox 817 589 1026 645; x_wconf 56' lang='grc' dir='ltr'>ἀνθρώποις</span> <span class='ocrx_word' id='word_1_57' title='bbox 1040 589 1139 637; x_wconf 68' lang='grc' dir='ltr'>μόνη</span> 
     </span>
    </p>

    <p class='ocr_par' dir='ltr' id='par_1_4' title="bbox 320 647 1098 707">
     <span class='ocr_line' id='line_1_9' title="bbox 320 647 1098 707; baseline -0.008 -14"><span class='ocrx_word' id='word_1_58' title='bbox 320 655 388 695; x_wconf 76' lang='grc' dir='ltr'>οὐκ</span> <span class='ocrx_word' id='word_1_59' title='bbox 409 653 450 692; x_wconf 77' lang='grc' dir='ltr'><strong>ἐκ</strong></span> <span class='ocrx_word' id='word_1_60' title='bbox 471 649 635 707; x_wconf 63' lang='grc' dir='ltr'>θυραίων</span> <span class='ocrx_word' id='word_1_61' title='bbox 655 650 871 704; x_wconf 67' lang='grc' dir='ltr'>τάπίχειρα</span> <span class='ocrx_word' id='word_1_62' title='bbox 886 647 1098 696; x_wconf 77' lang='grc' dir='ltr'>λαμβάνει,</span> 
     </span>
    </p>

    <p class='ocr_par' dir='ltr' id='par_1_5' title="bbox 149 705 1678 1178">
     <span class='ocr_line' id='line_1_10' title="bbox 321 705 1115 758; baseline -0.009 -7"><span class='ocrx_word' id='word_1_63' title='bbox 321 709 424 753; x_wconf 53' lang='lat' dir='ltr'><strong>acl-1¹⁷⁸!</strong></span> <span class='ocrx_word' id='word_1_64' title='bbox 446 708 481 749; x_wconf 74' lang='grc' dir='ltr'><strong>δ’</strong></span> <span class='ocrx_word' id='word_1_65' title='bbox 499 708 640 751; x_wconf 62' lang='grc' dir='ltr'>ἑαυτὴν</span> <span class='ocrx_word' id='word_1_66' title='bbox 660 705 771 748; x_wconf 62' lang='lat' dir='ltr'><strong>{SM</strong></span> <span class='ocrx_word' id='word_1_67' title='bbox 784 710 859 747; x_wconf 74' lang='grc' dir='ltr'>τῶν</span> <span class='ocrx_word' id='word_1_68' title='bbox 878 707 997 747; x_wconf 77' lang='grc' dir='ltr'>πόνων</span> <span class='ocrx_word' id='word_1_69' title='bbox 1014 705 1115 758; x_wconf 77' lang='grc' dir='ltr'>ἕχει.</span> 
     </span>
     <span class='ocr_line' id='line_1_11' title="bbox 149 766 1676 830; baseline -0.009 -9"><span class='ocrx_word' id='word_1_70' title='bbox 149 775 409 822; x_wconf 82' lang='lat' dir='ltr'><strong>Theocritus</strong></span> <span class='ocrx_word' id='word_1_71' title='bbox 428 773 581 830; x_wconf 89' lang='lat' dir='ltr'><strong>Epigr.</strong></span> <span class='ocrx_word' id='word_1_72' title='bbox 602 774 688 815; x_wconf 85' lang='lat' dir='ltr'><strong>xvi.</strong></span> <span class='ocrx_word' id='word_1_73' title='bbox 709 786 800 814; x_wconf 89' lang='lat' dir='ltr'><strong>ver.</strong></span> <span class='ocrx_word' id='word_1_74' title='bbox 825 770 866 813; x_wconf 89' lang='lat'><strong>8.</strong></span> <span class='ocrx_word' id='word_1_75' title='bbox 891 773 1014 811; x_wconf 78' lang='grc' dir='ltr'>τελεῖν</span> <span class='ocrx_word' id='word_1_76' title='bbox 1041 770 1234 825; x_wconf 77' lang='grc' dir='ltr'>ἐπίχειρα.</span> <span class='ocrx_word' id='word_1_77' title='bbox 1270 768 1349 810; x_wconf 89' lang='lat' dir='ltr'><strong>ubi</strong></span> <span class='ocrx_word' id='word_1_78' title='bbox 1383 766 1496 809; x_wconf 88' lang='lat' dir='ltr'><strong>miro</strong></span> <span class='ocrx_word' id='word_1_79' title='bbox 1530 780 1676 808; x_wconf 87' lang='lat' dir='ltr'><strong>errore</strong></span> 
     </span>
     <span class='ocr_line' id='line_1_12' title="bbox 150 826 1675 890; baseline -0.009 -12"><span class='ocrx_word' id='word_1_80' title='bbox 150 835 219 878; x_wconf 83' lang='lat' dir='ltr'><strong>vir</strong></span> <span class='ocrx_word' id='word_1_81' title='bbox 253 835 475 890; x_wconf 87' lang='lat' dir='ltr'><strong>optimus:</strong></span> <span class='ocrx_word' id='word_1_82' title='bbox 507 836 538 858; x_wconf 93' lang='lat'><strong>“</strong></span> <span class='ocrx_word' id='word_1_83' title='bbox 566 834 687 872; x_wconf 79' lang='grc' dir='ltr'>τελεῖν</span> <span class='ocrx_word' id='word_1_84' title='bbox 720 831 898 885; x_wconf 79' lang='grc' dir='ltr'><strong>ἐπίχειρα</strong></span> <span class='ocrx_word' id='word_1_85' title='bbox 931 829 1157 875; x_wconf 84' lang='lat' dir='ltr'><strong>dicuntur,</strong></span> <span class='ocrx_word' id='word_1_86' title='bbox 1189 826 1284 880; x_wconf 88' lang='lat' dir='ltr'><strong>qui,</strong></span> <span class='ocrx_word' id='word_1_87' title='bbox 1305 839 1402 879; x_wconf 86' lang='lat' dir='ltr'><strong>quae</strong></span> <span class='ocrx_word' id='word_1_88' title='bbox 1423 827 1468 866; x_wconf 89' lang='lat' dir='ltr'><strong>in</strong></span> <span class='ocrx_word' id='word_1_89' title='bbox 1498 828 1675 880; x_wconf 88' lang='lat' dir='ltr'><strong>promtu</strong></span> 
     </span>
     <span class='ocr_line' id='line_1_13' title="bbox 151 882 1676 941; baseline -0.008 -6"><span class='ocrx_word' id='word_1_90' title='bbox 151 896 275 941; x_wconf 87' lang='lat' dir='ltr'><strong>sunt,</strong></span> <span class='ocrx_word' id='word_1_91' title='bbox 294 890 533 934; x_wconf 86' lang='lat' dir='ltr'><strong>afferunt.”</strong></span> <span class='ocrx_word' id='word_1_92' title='bbox 567 901 671 930; x_wconf 84' lang='lat' dir='ltr'><strong>mox</strong></span> <span class='ocrx_word' id='word_1_93' title='bbox 706 889 928 941; x_wconf 86' lang='lat' dir='ltr'><strong>corrigens</strong></span> <span class='ocrx_word' id='word_1_94' title='bbox 952 903 991 927; x_wconf 83' lang='grc' dir='ltr'><strong>τ.</strong></span> <span class='ocrx_word' id='word_1_95' title='bbox 1019 886 1173 940; x_wconf 74' lang='grc' dir='ltr'>ἐπίηρα.</span> <span class='ocrx_word' id='word_1_96' title='bbox 1210 885 1328 937; x_wconf 89' lang='lat' dir='ltr'><strong>quod</strong></span> <span class='ocrx_word' id='word_1_97' title='bbox 1348 883 1499 924; x_wconf 85' lang='lat' dir='ltr'>doleas</span> <span class='ocrx_word' id='word_1_98' title='bbox 1520 884 1566 924; x_wconf 91' lang='lat' dir='ltr'><strong>in</strong></span> <span class='ocrx_word' id='word_1_99' title='bbox 1584 882 1676 923; x_wconf 90' lang='lat' dir='ltr'><strong>Ad-</strong></span> 
     </span>
     <span class='ocr_line' id='line_1_14' title="bbox 151 943 1678 995; baseline -0.007 -3"><span class='ocrx_word' id='word_1_100' title='bbox 151 950 306 992; x_wconf 85' lang='lat' dir='ltr'><strong>dendis</strong></span> <span class='ocrx_word' id='word_1_101' title='bbox 325 963 414 991; x_wconf 91' lang='lat' dir='ltr'><strong>non</strong></span> <span class='ocrx_word' id='word_1_102' title='bbox 444 950 731 989; x_wconf 87' lang='lat' dir='ltr'><strong>retractatum</strong></span> <span class='ocrx_word' id='word_1_103' title='bbox 752 959 862 987; x_wconf 89' lang='lat' dir='ltr'><strong>esse.</strong></span> <span class='ocrx_word' id='word_1_104' title='bbox 922 943 1009 985; x_wconf 89' lang='lat' dir='ltr'><strong>Sed</strong></span> <span class='ocrx_word' id='word_1_105' title='bbox 1044 944 1106 984; x_wconf 87' lang='lat' dir='ltr'><strong>sic</strong></span> <span class='ocrx_word' id='word_1_106' title='bbox 1139 955 1291 983; x_wconf 88' lang='lat' dir='ltr'><strong>omnes</strong></span> <span class='ocrx_word' id='word_1_107' title='bbox 1322 943 1458 983; x_wconf 85' lang='lat' dir='ltr'><strong>etiam</strong></span> <span class='ocrx_word' id='word_1_108' title='bbox 1488 944 1678 995; x_wconf 87' lang='lat' dir='ltr'><strong>pernota</strong></span> 
     </span>
     <span class='ocr_line' id='line_1_15' title="bbox 153 997 1677 1053; baseline -0.007 -3"><span class='ocrx_word' id='word_1_109' title='bbox 153 1008 339 1049; x_wconf 86' lang='lat' dir='ltr'>subinde</span> <span class='ocrx_word' id='word_1_110' title='bbox 377 1006 695 1048; x_wconf 88' lang='lat' dir='ltr'><strong>obliviscimur.</strong></span> <span class='ocrx_word' id='word_1_111' title='bbox 752 1002 855 1044; x_wconf 90' lang='lat' dir='ltr'><strong>Vid.</strong></span> <span class='ocrx_word' id='word_1_112' title='bbox 887 1000 1198 1042; x_wconf 81' lang='lat' dir='ltr'><strong>Hemsterhus.</strong></span> <span class='ocrx_word' id='word_1_113' title='bbox 1233 1002 1260 1042; x_wconf 93' lang='lat' dir='ltr'><strong>l.</strong></span> <span class='ocrx_word' id='word_1_114' title='bbox 1300 1014 1338 1040; x_wconf 87' lang='lat' dir='ltr'><strong>e.</strong></span> <span class='ocrx_word' id='word_1_115' title='bbox 1407 997 1677 1053; x_wconf 85' lang='lat' dir='ltr'><strong>Interpretes</strong></span> 
     </span>
     <span class='ocr_line' id='line_1_16' title="bbox 153 1050 1674 1118; baseline -0.007 -11"><span class='ocrx_word' id='word_1_116' title='bbox 153 1065 210 1107; x_wconf 85' lang='lat' dir='ltr'><strong>ad</strong></span> <span class='ocrx_word' id='word_1_117' title='bbox 246 1064 435 1118; x_wconf 87' lang='lat' dir='ltr'><strong>Hesych.</strong></span> <span class='ocrx_word' id='word_1_118' title='bbox 467 1067 502 1104; x_wconf 89' lang='lat' dir='ltr'><strong>t.</strong></span> <span class='ocrx_word' id='word_1_119' title='bbox 525 1065 555 1104; x_wconf 92' lang='lat' dir='ltr'><strong>i.</strong></span> <span class='ocrx_word' id='word_1_120' title='bbox 576 1076 675 1116; x_wconf 86' lang='lat' dir='ltr'><strong>cap.</strong></span> <span class='ocrx_word' id='word_1_121' title='bbox 718 1060 841 1102; x_wconf 80' lang='lat'>1401.</span> <span class='ocrx_word' id='word_1_122' title='bbox 870 1058 1135 1112; x_wconf 82' lang='lat' dir='ltr'><strong>wesseling.</strong></span> <span class='ocrx_word' id='word_1_123' title='bbox 1169 1058 1227 1100; x_wconf 85' lang='lat' dir='ltr'><strong>ad</strong></span> <span class='ocrx_word' id='word_1_124' title='bbox 1262 1050 1446 1099; x_wconf 89' lang='lat' dir='ltr'><strong>Diodor.</strong></span> <span class='ocrx_word' id='word_1_125' title='bbox 1480 1056 1569 1099; x_wconf 86' lang='lat' dir='ltr'><strong>Sic.</strong></span> <span class='ocrx_word' id='word_1_126' title='bbox 1591 1060 1625 1098; x_wconf 86' lang='lat' dir='ltr'><strong>t.</strong></span> <span class='ocrx_word' id='word_1_127' title='bbox 1643 1056 1674 1097; x_wconf 88' lang='lat' dir='ltr'><strong>i.</strong></span> 
     </span>
     <span class='ocr_line' id='line_1_17' title="bbox 154 1120 676 1178; baseline -0.01 -13"><span class='ocrx_word' id='word_1_128' title='bbox 154 1137 200 1178; x_wconf 89' lang='lat' dir='ltr'><strong>p.</strong></span> <span class='ocrx_word' id='word_1_129' title='bbox 223 1122 325 1171; x_wconf 81' lang='grc'><strong>625,</strong></span> <span class='ocrx_word' id='word_1_130' title='bbox 352 1122 416 1163; x_wconf 86' lang='grc'><strong>17.</strong></span> <span class='ocrx_word' id='word_1_131' title='bbox 477 1120 676 1162; x_wconf 75' lang='lat' dir='ltr'><strong>SCHAEF.</strong></span> 
     </span>
    </p>

    <p class='ocr_par' dir='ltr' id='par_1_6' title="bbox 213 1170 1680 1233">
     <span class='ocr_line' id='line_1_18' title="bbox 213 1170 1680 1233; baseline -0.007 -12"><span class='ocrx_word' id='word_1_132' title='bbox 213 1180 242 1208; x_wconf 61' lang='lat'><strong>²*</strong></span> <span class='ocrx_word' id='word_1_133' title='bbox 270 1179 500 1226; x_wconf 62' lang='lat' dir='ltr'><strong>MiexScom,</strong></span> <span class='ocrx_word' id='word_1_134' title='bbox 524 1180 592 1220; x_wconf 88' lang='lat' dir='ltr'><strong>vel</strong></span> <span class='ocrx_word' id='word_1_135' title='bbox 614 1179 799 1233; x_wconf 68' lang='grc' dir='ltr'>ἀργύριον,</span> <span class='ocrx_word' id='word_1_136' title='bbox 821 1175 889 1216; x_wconf 87' lang='lat' dir='ltr'><strong>vel</strong></span> <span class='ocrx_word' id='word_1_137' title='bbox 916 1173 1092 1220; x_wconf 74' lang='grc' dir='ltr'>τίμημα,</span> <span class='ocrx_word' id='word_1_138' title='bbox 1113 1173 1180 1213; x_wconf 87' lang='lat' dir='ltr'><strong>vel</strong></span> <span class='ocrx_word' id='word_1_139' title='bbox 1198 1172 1386 1225; x_wconf 86' lang='lat' dir='ltr'><strong>denique</strong></span> <span class='ocrx_word' id='word_1_140' title='bbox 1405 1173 1551 1226; x_wconf 66' lang='grc' dir='ltr'>χρῆμα</span> <span class='ocrx_word' id='word_1_141' title='bbox 1579 1170 1680 1212; x_wconf 87' lang='lat' dir='ltr'><strong>sub-</strong></span> 
     </span>
    </p>
   </div>
   <div class='ocr_carea' id='block_1_3' title="bbox 156 1227 1679 1351">
    <p class='ocr_par' dir='ltr' id='par_1_7' title="bbox 156 1227 1679 1351">
     <span class='ocr_line' id='line_1_19' title="bbox 156 1227 1679 1337; baseline -0.007 -57"><span class='ocrx_word' id='word_1_142' title='bbox 156 1238 500 1337; x_wconf 52' lang='grc' dir='ltr'><strong>ἰυιῗίὲὲςίῑξοὲεε</strong></span> <span class='ocrx_word' id='word_1_143' title='bbox 520 1237 565 1278; x_wconf 91' lang='lat' dir='ltr'><strong>in</strong></span> <span class='ocrx_word' id='word_1_144' title='bbox 583 1234 773 1290; x_wconf 64' lang='grc' dir='ltr'>θεωρικὸν,</span> <span class='ocrx_word' id='word_1_145' title='bbox 805 1230 1018 1288; x_wconf 64' lang='grc' dir='ltr'>θεατρικὸν,</span> <span class='ocrx_word' id='word_1_146' title='bbox 1037 1229 1164 1272; x_wconf 85' lang='lat' dir='ltr'><strong>docet</strong></span> <span class='ocrx_word' id='word_1_147' title='bbox 1183 1227 1379 1272; x_wconf 88' lang='lat' dir='ltr'><strong>Zeibich.</strong></span> <span class='ocrx_word' id='word_1_148' title='bbox 1401 1230 1510 1271; x_wconf 84' lang='lat' dir='ltr'><strong>athl.</strong></span> <span class='ocrx_word' id='word_1_149' title='bbox 1531 1227 1679 1285; x_wconf 69' lang='grc' dir='ltr'>ωαςαδ.</span> 
     </span>
     <span class='ocr_line' id='line_1_20' title="bbox 156 1302 1259 1351; baseline -0.009 -13"><span class='ocrx_word' id='word_1_150' title='bbox 156 1308 204 1351; x_wconf 86' lang='lat' dir='ltr'><strong>p.</strong></span> <span class='ocrx_word' id='word_1_151' title='bbox 315 1325 324 1336; x_wconf 92' lang='lat'><strong>.</strong></span> <span class='ocrx_word' id='word_1_152' title='bbox 394 1325 405 1335; x_wconf 91' lang='lat'><strong>.</strong></span> <span class='ocrx_word' id='word_1_153' title='bbox 461 1307 506 1334; x_wconf 79' lang='lat' dir='ltr'><strong>r.</strong></span> <span class='ocrx_word' id='word_1_154' title='bbox 1245 1302 1259 1309; x_wconf 48' lang='lat'>*</span> 
     </span>
    </p>
   </div>
   <div class='ocr_carea' id='block_1_4' title="bbox 733 1360 1094 1412">
    <p class='ocr_par' dir='ltr' id='par_1_8' title="bbox 733 1360 1094 1412">
     <span class='ocr_line' id='line_1_21' title="bbox 733 1360 1094 1412; baseline -0.003 -8"><span class='ocrx_word' id='word_1_155' title='bbox 733 1362 895 1412; x_wconf 89' lang='lat' dir='ltr'><strong>MNA,</strong></span> <span class='ocrx_word' id='word_1_156' title='bbox 916 1360 1094 1404; x_wconf 86' lang='lat' dir='ltr'><strong>MINA.</strong></span> 
     </span>
    </p>
   </div>
   <div class='ocr_carea' id='block_1_5' title="bbox 156 1441 1683 1607">
    <p class='ocr_par' dir='ltr' id='par_1_9' title="bbox 156 1441 1683 1607">
     <span class='ocr_line' id='line_1_22' title="bbox 213 1441 1683 1500; baseline -0.005 -10"><span class='ocrx_word' id='word_1_157' title='bbox 213 1446 265 1490; x_wconf 92' lang='lat' dir='ltr'><strong>In</strong></span> <span class='ocrx_word' id='word_1_158' title='bbox 284 1448 579 1490; x_wconf 87' lang='lat' dir='ltr'><strong>locutionibus</strong></span> <span class='ocrx_word' id='word_1_159' title='bbox 600 1445 790 1488; x_wconf 89' lang='lat' dir='ltr'><strong>Atticis:</strong></span> <span class='ocrx_word' id='word_1_160' title='bbox 825 1444 886 1485; x_wconf 78' lang='grc' dir='ltr'><strong>ἐπὶ</strong></span> <span class='ocrx_word' id='word_1_161' title='bbox 906 1445 1090 1500; x_wconf 59' lang='grc' dir='ltr'>δραχμῇ,</span> <span class='ocrx_word' id='word_1_162' title='bbox 1113 1445 1183 1485; x_wconf 77' lang='grc' dir='ltr'><strong>ἐπ’</strong></span> <span class='ocrx_word' id='word_1_163' title='bbox 1201 1445 1351 1492; x_wconf 81' lang='grc' dir='ltr'>ὀβολοῖς</span> <span class='ocrx_word' id='word_1_164' title='bbox 1381 1443 1481 1485; x_wconf 81' lang='grc' dir='ltr'>ἐννέα</span> <span class='ocrx_word' id='word_1_165' title='bbox 1509 1447 1595 1485; x_wconf 85' lang='lat' dir='ltr'><strong>etc.</strong></span> <span class='ocrx_word' id='word_1_166' title='bbox 1617 1441 1683 1483; x_wconf 74' lang='grc' dir='ltr'>δα-</span> 
     </span>
     <span class='ocr_line' id='line_1_23' title="bbox 156 1499 1681 1564; baseline -0.005 -16"><span class='ocrx_word' id='word_1_167' title='bbox 156 1505 363 1564; x_wconf 65' lang='grc' dir='ltr'>νείζεσθαι,</span> <span class='ocrx_word' id='word_1_168' title='bbox 392 1506 548 1560; x_wconf 84' lang='lat' dir='ltr'>supple</span> <span class='ocrx_word' id='word_1_169' title='bbox 579 1507 691 1552; x_wconf 70' lang='grc' dir='ltr'>μνᾶν.</span> <span class='ocrx_word' id='word_1_170' title='bbox 762 1502 945 1544; x_wconf 87' lang='lat' dir='ltr'><strong>Addidit</strong></span> <span class='ocrx_word' id='word_1_171' title='bbox 983 1501 1215 1544; x_wconf 85' lang='lat' dir='ltr'><strong>AEschines</strong></span> <span class='ocrx_word' id='word_1_172' title='bbox 1254 1500 1382 1542; x_wconf 81' lang='lat' dir='ltr'><strong>Orat.</strong></span> <span class='ocrx_word' id='word_1_173' title='bbox 1417 1505 1572 1543; x_wconf 84' lang='lat' dir='ltr'><strong>contra</strong></span> <span class='ocrx_word' id='word_1_174' title='bbox 1606 1499 1681 1542; x_wconf 88' lang='lat' dir='ltr'><strong>Ti-</strong></span> 
     </span>
     <span class='ocr_line' id='line_1_24' title="bbox 158 1557 1424 1607; baseline -0.006 0"><span class='ocrx_word' id='word_1_175' title='bbox 158 1565 399 1607; x_wconf 84' lang='lat' dir='ltr'><strong>marchum.</strong></span> <span class='ocrx_word' id='word_1_176' title='bbox 458 1562 572 1605; x_wconf 88' lang='lat' dir='ltr'><strong>Vide</strong></span> <span class='ocrx_word' id='word_1_177' title='bbox 594 1562 862 1603; x_wconf 86' lang='lat' dir='ltr'><strong>Salmasium</strong></span> <span class='ocrx_word' id='word_1_178' title='bbox 882 1561 936 1602; x_wconf 90' lang='lat' dir='ltr'><strong>de</strong></span> <span class='ocrx_word' id='word_1_179' title='bbox 958 1559 1093 1601; x_wconf 95' lang='lat' dir='ltr'><strong>Modo</strong></span> <span class='ocrx_word' id='word_1_180' title='bbox 1113 1558 1302 1601; x_wconf 84' lang='lat' dir='ltr'><strong>Usurar.</strong></span> <span class='ocrx_word' id='word_1_181' title='bbox 1325 1572 1363 1600; x_wconf 88' lang='lat' dir='ltr'><strong>c.</strong></span> <span class='ocrx_word' id='word_1_182' title='bbox 1383 1557 1424 1600; x_wconf 88' lang='grc'><strong>6.</strong></span> 
     </span>
    </p>
   </div>
   <div class='ocr_carea' id='block_1_6' title="bbox 298 1664 1536 1718">
    <p class='ocr_par' dir='ltr' id='par_1_10' title="bbox 298 1664 1536 1718">
     <span class='ocr_line' id='line_1_25' title="bbox 298 1664 1536 1718; baseline -0.005 -5"><span class='ocrx_word' id='word_1_183' title='bbox 298 1672 326 1700; x_wconf 67' lang='lat'><strong>¹*</strong></span> <span class='ocrx_word' id='word_1_184' title='bbox 354 1668 619 1718; x_wconf 89' lang='lat' dir='ltr'>MNHMA,</span> <span class='ocrx_word' id='word_1_185' title='bbox 636 1670 704 1710; x_wconf 88' lang='lat' dir='ltr'><strong>vel</strong></span> <span class='ocrx_word' id='word_1_186' title='bbox 726 1665 1107 1718; x_wconf 86' lang='lat' dir='ltr'>MNHMEION,</span> <span class='ocrx_word' id='word_1_187' title='bbox 1140 1664 1536 1708; x_wconf 83' lang='lat' dir='ltr'><strong>SEPULCRUM.</strong></span> 
     </span>
    </p>
   </div>
   <div class='ocr_carea' id='block_1_7' title="bbox 109 1741 1689 2535">
    <p class='ocr_par' dir='ltr' id='par_1_11' title="bbox 109 1741 1689 2535">
     <span class='ocr_line' id='line_1_26' title="bbox 218 1741 1684 1796; baseline -0.004 -8"><span class='ocrx_word' id='word_1_188' title='bbox 218 1746 486 1788; x_wconf 86' lang='lat' dir='ltr'><strong>Subauditur</strong></span> <span class='ocrx_word' id='word_1_189' title='bbox 518 1746 610 1787; x_wconf 87' lang='lat' dir='ltr'><strong>haec</strong></span> <span class='ocrx_word' id='word_1_190' title='bbox 629 1757 716 1785; x_wconf 87' lang='lat' dir='ltr'><strong>vox</strong></span> <span class='ocrx_word' id='word_1_191' title='bbox 750 1744 798 1784; x_wconf 93' lang='lat' dir='ltr'><strong>in</strong></span> <span class='ocrx_word' id='word_1_192' title='bbox 827 1756 869 1784; x_wconf 83' lang='lat' dir='ltr'><strong>v.</strong></span> <span class='ocrx_word' id='word_1_193' title='bbox 902 1741 1052 1783; x_wconf 65' lang='grc' dir='ltr'>κεῖσθαι</span> <span class='ocrx_word' id='word_1_194' title='bbox 1078 1743 1278 1783; x_wconf 84' lang='lat' dir='ltr'><strong>absolute</strong></span> <span class='ocrx_word' id='word_1_195' title='bbox 1313 1744 1477 1796; x_wconf 87' lang='lat' dir='ltr'><strong>posito,</strong></span> <span class='ocrx_word' id='word_1_196' title='bbox 1511 1742 1684 1795; x_wconf 86' lang='lat' dir='ltr'><strong>quando</strong></span> 
     </span>
     <span class='ocr_line' id='line_1_27' title="bbox 161 1798 1683 1855; baseline -0.005 -9"><span class='ocrx_word' id='word_1_197' title='bbox 161 1805 217 1846; x_wconf 89' lang='lat' dir='ltr'><strong>de</strong></span> <span class='ocrx_word' id='word_1_198' title='bbox 235 1805 422 1846; x_wconf 85' lang='lat' dir='ltr'><strong>mortuis</strong></span> <span class='ocrx_word' id='word_1_199' title='bbox 453 1798 598 1845; x_wconf 79' lang='lat' dir='ltr'><strong>sermo</strong></span> <span class='ocrx_word' id='word_1_200' title='bbox 627 1805 706 1843; x_wconf 88' lang='lat' dir='ltr'><strong>est.</strong></span> <span class='ocrx_word' id='word_1_201' title='bbox 766 1800 840 1842; x_wconf 84' lang='lat' dir='ltr'><strong>Sic</strong></span> <span class='ocrx_word' id='word_1_202' title='bbox 861 1799 1083 1842; x_wconf 81' lang='lat' dir='ltr'>Homerus</span> <span class='ocrx_word' id='word_1_203' title='bbox 1116 1798 1203 1841; x_wconf 91' lang='lat' dir='ltr'><strong>Od.</strong></span> <span class='ocrx_word' id='word_1_204' title='bbox 1229 1798 1281 1841; x_wconf 88' lang='lat' dir='ltr'><strong>B.</strong></span> <span class='ocrx_word' id='word_1_205' title='bbox 1306 1799 1402 1841; x_wconf 82' lang='lat'><strong>102.</strong></span> <span class='ocrx_word' id='word_1_206' title='bbox 1434 1798 1569 1840; x_wconf 76' lang='grc' dir='ltr'>Αἴκεν</span> <span class='ocrx_word' id='word_1_207' title='bbox 1591 1799 1683 1855; x_wconf 78' lang='grc' dir='ltr'>ἄτερ</span> 
     </span>
     <span class='ocr_line' id='line_1_28' title="bbox 163 1856 1683 1918; baseline -0.003 -16"><span class='ocrx_word' id='word_1_208' title='bbox 163 1864 312 1918; x_wconf 63' lang='grc' dir='ltr'>σπείρου</span> <span class='ocrx_word' id='word_1_209' title='bbox 333 1865 469 1902; x_wconf 81' lang='grc' dir='ltr'>κεῖται.</span> <span class='ocrx_word' id='word_1_210' title='bbox 503 1860 551 1915; x_wconf 92' lang='lat' dir='ltr'><strong>[l.</strong></span> <span class='ocrx_word' id='word_1_211' title='bbox 578 1861 728 1902; x_wconf 74' lang='grc' dir='ltr'>κέηται.</span> <span class='ocrx_word' id='word_1_212' title='bbox 757 1857 981 1911; x_wconf 74' lang='grc' dir='ltr'>8οΗΑΕῈ.]</span> <span class='ocrx_word' id='word_1_213' title='bbox 1016 1858 1093 1898; x_wconf 87' lang='lat' dir='ltr'><strong>ubi</strong></span> <span class='ocrx_word' id='word_1_214' title='bbox 1129 1856 1273 1899; x_wconf 86' lang='lat' dir='ltr'><strong>Schol.</strong></span> <span class='ocrx_word' id='word_1_215' title='bbox 1298 1856 1378 1898; x_wconf 89' lang='lat' dir='ltr'><strong>Gr.</strong></span> <span class='ocrx_word' id='word_1_216' title='bbox 1408 1858 1443 1898; x_wconf 78' lang='grc' dir='ltr'>ἐν</span> <span class='ocrx_word' id='word_1_217' title='bbox 1474 1863 1528 1913; x_wconf 79' lang='grc' dir='ltr'><strong>τῷ</strong></span> <span class='ocrx_word' id='word_1_218' title='bbox 1559 1858 1683 1914; x_wconf 70' lang='grc' dir='ltr'>τάφῳ.</span> 
     </span>
     <span class='ocr_line' id='line_1_29' title="bbox 164 1913 1686 1970; baseline -0.005 -9"><span class='ocrx_word' id='word_1_219' title='bbox 164 1919 296 1962; x_wconf 86' lang='lat' dir='ltr'><strong>Plene</strong></span> <span class='ocrx_word' id='word_1_220' title='bbox 314 1920 451 1960; x_wconf 85' lang='lat' dir='ltr'><strong>habet</strong></span> <span class='ocrx_word' id='word_1_221' title='bbox 469 1917 575 1959; x_wconf 85' lang='lat' dir='ltr'><strong>Luc.</strong></span> <span class='ocrx_word' id='word_1_222' title='bbox 597 1917 723 1958; x_wconf 66' lang='lat' dir='ltr'><strong>nili.</strong></span> <span class='ocrx_word' id='word_1_223' title='bbox 743 1915 812 1957; x_wconf 82' lang='lat'><strong>53.</strong></span> <span class='ocrx_word' id='word_1_224' title='bbox 848 1913 932 1955; x_wconf 69' lang='lat' dir='ltr'><strong>Kal</strong></span> <span class='ocrx_word' id='word_1_225' title='bbox 950 1914 1084 1957; x_wconf 61' lang='grc' dir='ltr'>’έθηκεν</span> <span class='ocrx_word' id='word_1_226' title='bbox 1107 1915 1220 1955; x_wconf 76' lang='grc' dir='ltr'>αὗτὸν</span> <span class='ocrx_word' id='word_1_227' title='bbox 1240 1916 1275 1955; x_wconf 84' lang='grc' dir='ltr'>ἐν</span> <span class='ocrx_word' id='word_1_228' title='bbox 1294 1915 1474 1963; x_wconf 68' lang='grc' dir='ltr'>μνήματι</span> <span class='ocrx_word' id='word_1_229' title='bbox 1492 1913 1686 1970; x_wconf 79' lang='grc' dir='ltr'><strong>λαξευτῷ,</strong></span> 
     </span>
     <span class='ocr_line' id='line_1_30' title="bbox 164 1970 1687 2025; baseline -0.002 -8"><span class='ocrx_word' id='word_1_230' title='bbox 164 1977 258 2018; x_wconf 72' lang='grc' dir='ltr'>ὅπου</span> <span class='ocrx_word' id='word_1_231' title='bbox 294 1980 362 2018; x_wconf 77' lang='grc' dir='ltr'>οὐκ</span> <span class='ocrx_word' id='word_1_232' title='bbox 381 1975 426 2019; x_wconf 72' lang='grc' dir='ltr'>ἦν</span> <span class='ocrx_word' id='word_1_233' title='bbox 456 1975 598 2016; x_wconf 75' lang='grc' dir='ltr'>οὐδέπω</span> <span class='ocrx_word' id='word_1_234' title='bbox 630 1973 746 2014; x_wconf 77' lang='grc' dir='ltr'>οὐδεὶς</span> <span class='ocrx_word' id='word_1_235' title='bbox 777 1974 957 2021; x_wconf 80' lang='grc' dir='ltr'>κείμενος.</span> <span class='ocrx_word' id='word_1_236' title='bbox 1020 1970 1210 2019; x_wconf 84' lang='lat' dir='ltr'><strong>Quando</strong></span> <span class='ocrx_word' id='word_1_237' title='bbox 1241 1977 1389 2014; x_wconf 87' lang='lat' dir='ltr'><strong>autem</strong></span> <span class='ocrx_word' id='word_1_238' title='bbox 1419 1972 1474 2012; x_wconf 93' lang='lat' dir='ltr'><strong>de</strong></span> <span class='ocrx_word' id='word_1_239' title='bbox 1509 1974 1687 2025; x_wconf 84' lang='lat' dir='ltr'><strong>aegrotis</strong></span> 
     </span>
     <span class='ocr_line' id='line_1_31' title="bbox 165 2027 1686 2086; baseline -0.003 -11"><span class='ocrx_word' id='word_1_240' title='bbox 165 2033 228 2082; x_wconf 75' lang='grc' dir='ltr'><strong>τὸ,</strong></span> <span class='ocrx_word' id='word_1_241' title='bbox 248 2031 397 2074; x_wconf 63' lang='grc' dir='ltr'>κεῖσθαι</span> <span class='ocrx_word' id='word_1_242' title='bbox 417 2033 620 2079; x_wconf 82' lang='lat' dir='ltr'><strong>sumitur,</strong></span> <span class='ocrx_word' id='word_1_243' title='bbox 641 2031 987 2083; x_wconf 86' lang='lat' dir='ltr'><strong>subintelligitur</strong></span> <span class='ocrx_word' id='word_1_244' title='bbox 1002 2028 1166 2073; x_wconf 63' lang='grc' dir='ltr'>ἀσθενὴς</span> <span class='ocrx_word' id='word_1_245' title='bbox 1183 2032 1219 2071; x_wconf 86' lang='grc' dir='ltr'>ἐν</span> <span class='ocrx_word' id='word_1_246' title='bbox 1233 2032 1358 2086; x_wconf 75' lang='grc' dir='ltr'>κλίνῃ.</span> <span class='ocrx_word' id='word_1_247' title='bbox 1418 2027 1558 2071; x_wconf 87' lang='lat' dir='ltr'><strong>Marc.</strong></span> <span class='ocrx_word' id='word_1_248' title='bbox 1579 2031 1626 2071; x_wconf 88' lang='lat' dir='ltr'><strong>ii.</strong></span> <span class='ocrx_word' id='word_1_249' title='bbox 1642 2028 1686 2071; x_wconf 83' lang='lat'><strong>4.</strong></span> 
     </span>
     <span class='ocr_line' id='line_1_32' title="bbox 166 2085 1685 2145; baseline -0.003 -13"><span class='ocrx_word' id='word_1_250' title='bbox 166 2089 333 2132; x_wconf 74' lang='grc' dir='ltr'>Χαλᾶἱσι</span> <span class='ocrx_word' id='word_1_251' title='bbox 367 2090 412 2131; x_wconf 70' lang='grc' dir='ltr'><strong>τὸ</strong></span> <span class='ocrx_word' id='word_1_252' title='bbox 444 2091 679 2145; x_wconf 67' lang='grc' dir='ltr'>κραββατον,</span> <span class='ocrx_word' id='word_1_253' title='bbox 718 2090 774 2141; x_wconf 85' lang='grc' dir='ltr'><strong>ἐφ’</strong></span> <span class='ocrx_word' id='word_1_254' title='bbox 804 2088 833 2143; x_wconf 82' lang='grc' dir='ltr'><em>ᾧ</em></span> <span class='ocrx_word' id='word_1_255' title='bbox 861 2087 905 2132; x_wconf 67' lang='grc' dir='ltr'>ἦν</span> <span class='ocrx_word' id='word_1_256' title='bbox 933 2089 1219 2134; x_wconf 80' lang='grc' dir='ltr'>κατακείμενος.</span> <span class='ocrx_word' id='word_1_257' title='bbox 1252 2088 1369 2129; x_wconf 86' lang='lat' dir='ltr'><strong>conf.</strong></span> <span class='ocrx_word' id='word_1_258' title='bbox 1396 2100 1440 2128; x_wconf 81' lang='lat' dir='ltr'><strong>V.</strong></span> <span class='ocrx_word' id='word_1_259' title='bbox 1475 2085 1685 2131; x_wconf 64' lang='lat' dir='ltr'><strong>&#39;A05zv755.</strong></span> 
     </span>
     <span class='ocr_line' id='line_1_33' title="bbox 165 2143 1686 2201; baseline -0.003 -11"><span class='ocrx_word' id='word_1_260' title='bbox 165 2147 223 2190; x_wconf 90' lang='lat' dir='ltr'><strong>Et</strong></span> <span class='ocrx_word' id='word_1_261' title='bbox 233 2149 421 2200; x_wconf 91' lang='lat' dir='ltr'><strong>denique</strong></span> <span class='ocrx_word' id='word_1_262' title='bbox 433 2145 581 2189; x_wconf 63' lang='grc' dir='ltr'>κεῖσθαι</span> <span class='ocrx_word' id='word_1_263' title='bbox 591 2147 840 2199; x_wconf 87' lang='lat' dir='ltr'><strong>frequenter</strong></span> <span class='ocrx_word' id='word_1_264' title='bbox 847 2145 1070 2193; x_wconf 89' lang='lat' dir='ltr'><strong>dicuntur,</strong></span> <span class='ocrx_word' id='word_1_265' title='bbox 1139 2143 1158 2185; x_wconf 79' lang='lat' dir='ltr'><strong>z·</strong></span> <span class='ocrx_word' id='word_1_266' title='bbox 1172 2144 1380 2201; x_wconf 77' lang='lat' dir='ltr'><strong>inpugna</strong></span> <span class='ocrx_word' id='word_1_267' title='bbox 1391 2143 1686 2186; x_wconf 78' lang='lat' dir='ltr'><strong>occubuerunt.</strong></span> 
     </span>
     <span class='ocr_line' id='line_1_34' title="bbox 109 2201 1687 2258; baseline -0.004 -10"><span class='ocrx_word' id='word_1_268' title='bbox 109 2219 125 2228; x_wconf 79' lang='lat'><em>⁶</em></span> <span class='ocrx_word' id='word_1_269' title='bbox 166 2205 327 2248; x_wconf 77' lang='lat' dir='ltr'><strong>AElian.</strong></span> <span class='ocrx_word' id='word_1_270' title='bbox 347 2204 451 2247; x_wconf 82' lang='lat' dir='ltr'><strong>Var.</strong></span> <span class='ocrx_word' id='word_1_271' title='bbox 472 2203 593 2246; x_wconf 79' lang='lat' dir='ltr'><strong>Hist.</strong></span> <span class='ocrx_word' id='word_1_272' title='bbox 614 2205 695 2245; x_wconf 79' lang='lat' dir='ltr'><strong>lib.</strong></span> <span class='ocrx_word' id='word_1_273' title='bbox 723 2204 803 2244; x_wconf 80' lang='lat' dir='ltr'><strong>xii.</strong></span> <span class='ocrx_word' id='word_1_274' title='bbox 841 2216 938 2257; x_wconf 80' lang='lat' dir='ltr'><strong>cap.</strong></span> <span class='ocrx_word' id='word_1_275' title='bbox 970 2202 1041 2243; x_wconf 77' lang='lat'><strong>21.</strong></span> <span class='ocrx_word' id='word_1_276' title='bbox 1147 2205 1294 2258; x_wconf 72' lang='grc' dir='ltr'>πτέρες,</span> <span class='ocrx_word' id='word_1_277' title='bbox 1325 2203 1405 2243; x_wconf 79' lang='grc' dir='ltr'>ὅσαι</span> <span class='ocrx_word' id='word_1_278' title='bbox 1437 2201 1687 2243; x_wconf 57' lang='grc' dir='ltr'>ἐπυνθάνοντο</span> 
     </span>
     <span class='ocr_line' id='line_1_35' title="bbox 166 2259 1689 2317; baseline -0.003 -12"><span class='ocrx_word' id='word_1_279' title='bbox 166 2262 255 2305; x_wconf 79' lang='grc' dir='ltr'>τοὺς</span> <span class='ocrx_word' id='word_1_280' title='bbox 271 2262 419 2305; x_wconf 69' lang='grc' dir='ltr'>παῖδας</span> <span class='ocrx_word' id='word_1_281' title='bbox 437 2264 562 2303; x_wconf 76' lang='grc' dir='ltr'>αὑτῶν</span> <span class='ocrx_word' id='word_1_282' title='bbox 576 2264 610 2303; x_wconf 80' lang='grc' dir='ltr'>ἐν</span> <span class='ocrx_word' id='word_1_283' title='bbox 631 2266 684 2317; x_wconf 72' lang='grc' dir='ltr'><strong>τῇ</strong></span> <span class='ocrx_word' id='word_1_284' title='bbox 695 2262 818 2316; x_wconf 76' lang='grc' dir='ltr'>μοίχῃ</span> <span class='ocrx_word' id='word_1_285' title='bbox 834 2259 996 2301; x_wconf 65' lang='grc' dir='ltr'>κεῖσθαι.</span> <span class='ocrx_word' id='word_1_286' title='bbox 1026 2260 1102 2302; x_wconf 91' lang='lat' dir='ltr'><strong>ubi</strong></span> <span class='ocrx_word' id='word_1_287' title='bbox 1124 2274 1408 2314; x_wconf 88' lang='lat' dir='ltr'><strong>suppressum</strong></span> <span class='ocrx_word' id='word_1_288' title='bbox 1423 2260 1689 2312; x_wconf 85' lang='lat' dir='ltr'><strong>intelligitur</strong></span> 
     </span>
     <span class='ocr_line' id='line_1_36' title="bbox 168 2317 1689 2376; baseline -0.003 -14"><span class='ocrx_word' id='word_1_289' title='bbox 168 2320 232 2369; x_wconf 74' lang='grc' dir='ltr'><strong>τὸ,</strong></span> <span class='ocrx_word' id='word_1_290' title='bbox 277 2322 419 2376; x_wconf 76' lang='grc' dir='ltr'>νεκρόςε</span> <span class='ocrx_word' id='word_1_291' title='bbox 470 2333 560 2372; x_wconf 92' lang='lat' dir='ltr'><strong>quo</strong></span> <span class='ocrx_word' id='word_1_292' title='bbox 608 2332 738 2360; x_wconf 90' lang='lat' dir='ltr'><strong>sensu</strong></span> <span class='ocrx_word' id='word_1_293' title='bbox 789 2319 946 2372; x_wconf 88' lang='lat' dir='ltr'><strong>saepius</strong></span> <span class='ocrx_word' id='word_1_294' title='bbox 994 2319 1113 2372; x_wconf 88' lang='lat' dir='ltr'><strong>apud</strong></span> <span class='ocrx_word' id='word_1_295' title='bbox 1161 2317 1404 2360; x_wconf 85' lang='lat' dir='ltr'><strong>Homerum</strong></span> <span class='ocrx_word' id='word_1_296' title='bbox 1452 2319 1689 2372; x_wconf 88' lang='lat' dir='ltr'><strong>reperitur.</strong></span> 
     </span>
     <span class='ocr_line' id='line_1_37' title="bbox 170 2373 1686 2432; baseline -0.002 -13"><span class='ocrx_word' id='word_1_297' title='bbox 170 2377 389 2420; x_wconf 68' lang='lat' dir='ltr'><strong>Scnwmz.</strong></span> <span class='ocrx_word' id='word_1_298' title='bbox 447 2376 553 2419; x_wconf 84' lang='lat' dir='ltr'><strong>Haec.</strong></span> <span class='ocrx_word' id='word_1_299' title='bbox 584 2390 757 2430; x_wconf 91' lang='lat' dir='ltr'><strong>quoque</strong></span> <span class='ocrx_word' id='word_1_300' title='bbox 790 2376 1020 2432; x_wconf 72' lang='lat' dir='ltr'><strong>adnotatio</strong></span> <span class='ocrx_word' id='word_1_301' title='bbox 1053 2377 1252 2431; x_wconf 84' lang='lat' dir='ltr'><strong>profecta</strong></span> <span class='ocrx_word' id='word_1_302' title='bbox 1285 2390 1340 2418; x_wconf 82' lang='lat' dir='ltr'><strong>ex</strong></span> <span class='ocrx_word' id='word_1_303' title='bbox 1361 2377 1519 2418; x_wconf 84' lang='lat' dir='ltr'><strong>insano</strong></span> <span class='ocrx_word' id='word_1_304' title='bbox 1547 2373 1686 2430; x_wconf 82' lang='lat' dir='ltr'><strong>Euip-</strong></span> 
     </span>
     <span class='ocr_line' id='line_1_38' title="bbox 169 2433 1688 2489; baseline -0.001 -13"><span class='ocrx_word' id='word_1_305' title='bbox 169 2437 285 2477; x_wconf 90' lang='lat' dir='ltr'><strong>sium</strong></span> <span class='ocrx_word' id='word_1_306' title='bbox 305 2448 465 2477; x_wconf 84' lang='lat' dir='ltr'><strong>amore.</strong></span> <span class='ocrx_word' id='word_1_307' title='bbox 525 2434 654 2476; x_wconf 83' lang='lat' dir='ltr'><strong>Talia</strong></span> <span class='ocrx_word' id='word_1_308' title='bbox 674 2436 712 2476; x_wconf 91' lang='lat' dir='ltr'><strong>si</strong></span> <span class='ocrx_word' id='word_1_309' title='bbox 734 2434 806 2475; x_wconf 86' lang='lat' dir='ltr'><strong>cui</strong></span> <span class='ocrx_word' id='word_1_310' title='bbox 835 2434 1037 2475; x_wconf 84' lang='lat' dir='ltr'><strong>videntur</strong></span> <span class='ocrx_word' id='word_1_311' title='bbox 1065 2435 1374 2489; x_wconf 82' lang='lat' dir='ltr'><strong>explicationis</strong></span> <span class='ocrx_word' id='word_1_312' title='bbox 1401 2433 1617 2487; x_wconf 83' lang='lat' dir='ltr'><strong>indigere,</strong></span> <span class='ocrx_word' id='word_1_313' title='bbox 1648 2433 1688 2474; x_wconf 92' lang='lat' dir='ltr'><strong>is</strong></span> 
     </span>
     <span class='ocr_line' id='line_1_39' title="bbox 169 2491 799 2535; baseline -0.005 0"><span class='ocrx_word' id='word_1_314' title='bbox 169 2491 332 2535; x_wconf 82' lang='lat' dir='ltr'><strong>Lexica</strong></span> <span class='ocrx_word' id='word_1_315' title='bbox 349 2494 562 2535; x_wconf 81' lang='lat' dir='ltr'><strong>consulat.</strong></span> <span class='ocrx_word' id='word_1_316' title='bbox 593 2492 799 2533; x_wconf 76' lang='lat' dir='ltr'><strong>SanEr.</strong></span> 
     </span>
    </p>
   </div>
   <div class='ocr_carea' id='block_1_8' title="bbox 171 2547 1685 2663">
    <p class='ocr_par' dir='ltr' id='par_1_12' title="bbox 171 2547 1685 2663">
     <span class='ocr_line' id='line_1_40' title="bbox 175 2547 1685 2649; baseline -0.002 -58"><span class='ocrx_word' id='word_1_317' title='bbox 175 2609 186 2618; x_wconf 49' lang='lat'>.</span> <span class='ocrx_word' id='word_1_318' title='bbox 229 2550 405 2649; x_wconf 71' lang='grc' dir='ltr'>Μνῆμα2,</span> <span class='ocrx_word' id='word_1_319' title='bbox 430 2551 497 2648; x_wconf 54' lang='grc' dir='ltr'><strong>ἜῘΙ</strong></span> <span class='ocrx_word' id='word_1_320' title='bbox 520 2553 717 2598; x_wconf 77' lang='grc' dir='ltr'>μνημεῖον,</span> <span class='ocrx_word' id='word_1_321' title='bbox 747 2548 1098 2591; x_wconf 87' lang='lat' dir='ltr'><strong>subaudiendum</strong></span> <span class='ocrx_word' id='word_1_322' title='bbox 1127 2549 1174 2591; x_wconf 88' lang='lat' dir='ltr'><strong>in</strong></span> <span class='ocrx_word' id='word_1_323' title='bbox 1194 2550 1324 2606; x_wconf 64' lang='grc' dir='ltr'>ἡρῷον.</span> <span class='ocrx_word' id='word_1_324' title='bbox 1385 2548 1589 2592; x_wconf 84' lang='lat' dir='ltr'><strong>Paeanius</strong></span> <span class='ocrx_word' id='word_1_325' title='bbox 1609 2547 1685 2589; x_wconf 90' lang='lat' dir='ltr'><strong>lib.</strong></span> 
     </span>
     <span class='ocr_line' id='line_1_41' title="bbox 171 2621 599 2663; baseline -0.005 -13"><span class='ocrx_word' id='word_1_326' title='bbox 171 2621 234 2650; x_wconf 84' lang='lat' dir='ltr'><strong>lx.</strong></span> <span class='ocrx_word' id='word_1_327' title='bbox 255 2621 354 2663; x_wconf 87' lang='lat' dir='ltr'><strong>cap.</strong></span> <span class='ocrx_word' id='word_1_328' title='bbox 406 2638 417 2649; x_wconf 83' lang='lat'><strong>.</strong></span> <span class='ocrx_word' id='word_1_329' title='bbox 501 2621 599 2649; x_wconf 72' lang='lat'><strong>1011.</strong></span> 
     </span>
    </p>
   </div>
   <div class='ocr_carea' id='block_1_9' title="bbox 660 2677 1150 2728">
    <p class='ocr_par' dir='ltr' id='par_1_13' title="bbox 660 2677 1150 2728">
     <span class='ocr_line' id='line_1_42' title="bbox 660 2677 1150 2728; baseline 0.004 -8"><span class='ocrx_word' id='word_1_330' title='bbox 660 2677 881 2728; x_wconf 87' lang='lat' dir='ltr'><strong>MOIPA,</strong></span> <span class='ocrx_word' id='word_1_331' title='bbox 902 2677 1026 2721; x_wconf 86' lang='lat' dir='ltr'><strong>POR</strong></span> <span class='ocrx_word' id='word_1_332' title='bbox 1037 2678 1150 2722; x_wconf 91' lang='grc' dir='ltr'>ΤΙΟ.</span> 
     </span>
    </p>
   </div>
   <div class='ocr_carea' id='block_1_10' title="bbox 172 2770 1688 2943">
    <p class='ocr_par' dir='ltr' id='par_1_14' title="bbox 172 2770 1688 2943">
     <span class='ocr_line' id='line_1_43' title="bbox 228 2770 1688 2828; baseline -0.003 -13"><span class='ocrx_word' id='word_1_333' title='bbox 228 2771 517 2827; x_wconf 86' lang='lat' dir='ltr'><strong>Frequentior</strong></span> <span class='ocrx_word' id='word_1_334' title='bbox 535 2775 602 2813; x_wconf 86' lang='lat' dir='ltr'><strong>est</strong></span> <span class='ocrx_word' id='word_1_335' title='bbox 629 2770 806 2818; x_wconf 70' lang='grc' dir='ltr'>’ἔλλειψις</span> <span class='ocrx_word' id='word_1_336' title='bbox 823 2772 942 2812; x_wconf 84' lang='lat' dir='ltr'><strong>vocis</strong></span> <span class='ocrx_word' id='word_1_337' title='bbox 962 2775 1078 2828; x_wconf 66' lang='grc' dir='ltr'>μοῖρα</span> <span class='ocrx_word' id='word_1_338' title='bbox 1095 2772 1141 2812; x_wconf 91' lang='lat' dir='ltr'><strong>in</strong></span> <span class='ocrx_word' id='word_1_339' title='bbox 1158 2771 1364 2825; x_wconf 82' lang='lat' dir='ltr'><strong>adjectiv.</strong></span> <span class='ocrx_word' id='word_1_340' title='bbox 1396 2773 1504 2814; x_wconf 89' lang='lat' dir='ltr'><strong>fem.</strong></span> <span class='ocrx_word' id='word_1_341' title='bbox 1526 2775 1576 2813; x_wconf 90' lang='lat' dir='ltr'><strong>ut</strong></span> <span class='ocrx_word' id='word_1_342' title='bbox 1595 2771 1688 2820; x_wconf 86' lang='grc' dir='ltr'>μία,</span> 
     </span>
     <span class='ocr_line' id='line_1_44' title="bbox 172 2826 1203 2882; baseline -0.003 -10"><span class='ocrx_word' id='word_1_343' title='bbox 172 2829 232 2881; x_wconf 79' lang='grc' dir='ltr'>ἴα,</span> <span class='ocrx_word' id='word_1_344' title='bbox 250 2843 341 2874; x_wconf 81' lang='lat' dir='ltr'><strong>una</strong></span> <span class='ocrx_word' id='word_1_345' title='bbox 360 2835 443 2872; x_wconf 87' lang='lat' dir='ltr'><strong>etc.</strong></span> <span class='ocrx_word' id='word_1_346' title='bbox 502 2828 724 2871; x_wconf 90' lang='lat' dir='ltr'><strong>Homerus</strong></span> <span class='ocrx_word' id='word_1_347' title='bbox 742 2826 898 2882; x_wconf 89' lang='lat' dir='ltr'><strong>Odyss.</strong></span> <span class='ocrx_word' id='word_1_348' title='bbox 920 2830 973 2871; x_wconf 85' lang='grc' dir='ltr'><strong>Ξ.</strong></span> <span class='ocrx_word' id='word_1_349' title='bbox 992 2842 1082 2871; x_wconf 80' lang='lat' dir='ltr'><strong>ver.</strong></span> <span class='ocrx_word' id='word_1_350' title='bbox 1101 2827 1203 2870; x_wconf 82' lang='lat'><strong>435.</strong></span> 
     </span>
     <span class='ocr_line' id='line_1_45' title="bbox 341 2885 1261 2943; baseline -0.008 -11"><span class='ocrx_word' id='word_1_351' title='bbox 341 2885 428 2932; x_wconf 75' lang='grc' dir='ltr'>Τῆν</span> <span class='ocrx_word' id='word_1_352' title='bbox 438 2888 509 2939; x_wconf 81' lang='grc' dir='ltr'>μὲν</span> <span class='ocrx_word' id='word_1_353' title='bbox 525 2887 583 2932; x_wconf 73' lang='grc' dir='ltr'>ἴαν</span> <span class='ocrx_word' id='word_1_354' title='bbox 602 2885 1261 2943; x_wconf 39' lang='grc' dir='ltr'><strong>Νύμφῃσμ--ᾑ-ὲ-</strong></span> 
     </span>
    </p>
   </div>
  </div>
 </body>
</html>
