1838 3164
680 153 1084 184 nmmum-mm.
1559 133 1640 180 133

473 255 503 284 ’ὕ
522 249 974 304 ΚΑΛΟΥΜΕΝΟΣ,
1013 248 1163 294 VOGA
1176 249 1300 294 TUS.

190 329 289 374 Vox
309 331 399 374 haec
430 340 662 384 suppressa
693 328 802 368 latet
834 327 878 368 in
908 326 1053 368 verbis
1082 325 1230 368 Actor.
1264 323 1363 367 xiii.
1391 324 1437 366 9.
1469 323 1640 375 Σαῦλος,

135 390 235 431 ὁκαὶ
254 389 431 431 Παῦλος.
454 388 556 435 sub.
580 387 823 433 καλούμενὸς.
886 383 1056 439 [Epigr.
1090 385 1235 437 adesp.
1264 383 1465 424 dcxcviii.
1499 381 1640 423 Κλαυ-

134 446 214 496 δία,
241 448 267 492 ἧ
297 445 361 488 καὶ
391 444 551 498 Δεχοὲς.
581 443 638 484 ad
670 457 715 496 q.
740 443 770 482 l.
801 441 1037 484 Jacobsius,
1066 454 1115 496 p.
1143 440 1246 483 273.
1307 446 1338 465 ‘⁶
1363 439 1641 493 Cognomina

133 505 312 560 proprio
331 502 495 545 nomini
515 501 695 543 solemni
717 499 905 542 formulii
925 501 944 539 ὃ
964 500 1054 541 sive
1080 500 1108 543 ἡ
1125 497 1190 539 καὶ
1209 497 1368 551 subjici
1391 499 1642 540 observavit

135 560 475 615 Hagenbuchius
504 559 552 600 in
583 556 786 599 Diatriba
818 571 863 611 p.
894 556 967 598 41.
1001 559 1101 611 post
1133 553 1387 598 Fabrettum
1421 556 1469 597 in
1502 553 1646 598 Inscr.

133 620 180 676 p.
209 617 331 662 145.”
388 616 603 659 Eusebius
623 614 864 669 Praeparat.
893 612 1062 668 Evang.
1092 627 1135 668 p.
1155 612 1226 655 38.
1256 617 1368 655 extr.
1404 611 1479 668 θεᾷ
1504 610 1642 653 Βααλ-

134 676 228 725 τίδι,
251 681 306 733 “7‘’
326 673 389 716 καὶ
408 674 558 729 Διώνῃ.
618 671 703 714 Hic
722 673 897 725 quidem
926 685 1014 713 non
1032 684 1274 724 cognomen
1293 672 1543 725 subjicitur,
1566 672 1644 714 sed

132 731 255 775 aliud
289 745 448 775 nomen
479 731 672 784 ejusdem
711 731 816 772 deae.
876 729 1000 771 Adde
1034 728 1192 770 Codini
1226 729 1366 770 locum
1400 741 1429 770 a
1462 727 1646 771 Kiihnio

131 792 316 842 citatum
357 790 475 831 infra
509 789 564 830 ad
597 802 639 829 v.
682 786 868 841 Κεφαλή.
915 786 1135 840 SCHAEF]
1194 785 1270 828 Sic
1304 787 1491 828 occurrit
1521 788 1644 840 apud

132 843 344 891 Herodot.
365 848 444 890 lib.
465 848 524 889 iv.
555 859 651 901 cap.
674 845 717 887 8.
743 843 976 886 'Amne'oSaa
1003 846 1040 886 ἐς
1055 844 1126 887 τῆν
1151 848 1211 886 νῦν
1230 842 1402 887 Σκυθίην
1421 845 1554 899 χώρην
1572 861 1645 885 κα-

131 909 325 956 λεομένην.
364 908 410 947 et
445 905 522 947 lib.
544 904 576 945 i.
619 916 718 958 cap.
755 902 827 944 57.
904 901 1012 943 Τοῖσι
1057 907 1117 943 νῦν
1156 900 1344 956 Δωριεῦσι
1377 903 1645 950 καλεομένοισι.

134 963 314 1019 [Obiter
331 976 500 1010 moneo,
530 963 577 1003 in
597 961 812 1002 Strabone
830 962 864 1001 t.
886 960 944 1000 iv.
974 973 1021 1014 p.
1048 959 1150 1001 233.
1195 956 1425 1000 Codicibus
1452 960 1645 1001 alterum

131 1022 367 1063 articulum
405 1024 524 1061 recte
555 1019 815 1066 delentibus,
846 1017 917 1058 edi
944 1019 1221 1072 oportuisse:
1269 1020 1341 1062 τῆς
1368 1015 1542 1071 Δωρίδος
1570 1017 1645 1064 μὲν

134 1080 328 1134 πρότερον,
360 1081 418 1120 νῦν
443 1077 481 1119 δὲ
508 1075 789 1116 Ἕστιαιώτιδος
817 1077 1038 1123 λεγομένης.
1070 1073 1296 1129 SGHAEF]
1357 1073 1442 1116 Pro
1467 1087 1555 1127 quo
1573 1078 1644 1115 est

134 1137 251 1190 apud
271 1135 511 1177 Diodorum
539 1133 627 1174 Sie.
652 1133 730 1173 lib.
753 1134 783 1174 i.
816 1130 961 1175 Θαλῆς
978 1132 1049 1180 μὲν
1068 1129 1126 1172 οὖν
1143 1130 1196 1172 εἷς
1216 1136 1289 1172 τῶν
1311 1132 1412 1173 ἑπτα
1429 1135 1548 1184 σοφῶν
1568 1134 1647 1173 ὄνο-

132 1195 360 1250 μαζόμενος.
390 1196 439 1233 ut
457 1191 638 1233 Wolfius
668 1191 726 1231 ad
747 1191 776 1230 l.
801 1203 839 1231 c.
869 1193 1007 1230 notat.
1067 1189 1142 1230 Sic
1160 1188 1464 1242 Athenagoras
1485 1189 1532 1230 in
1561 1189 1643 1231 Le-

132 1254 223 1304 gat.
253 1263 334 1306 pro
368 1248 526 1290 Christ.
555 1262 600 1303 p.
629 1247 723 1288 115.
757 1248 877 1302 [cap.
897 1246 970 1287 25.
1000 1260 1046 1300 p.
1084 1245 1179 1288 194.
1201 1247 1267 1287 ed.
1288 1245 1448 1288 Lindn.
1470 1259 1525 1287 ex
1552 1245 1644 1287 He-

132 1308 286 1350 rodoto
305 1308 381 1349 lib.
403 1307 451 1347 ii.
473 1318 570 1360 cap.
597 1302 692 1347 170.
722 1303 950 1359 SGHAEF]
978 1304 1045 1346 ὅση
1063 1319 1134 1359 περ
1153 1305 1190 1344 ἐν
1210 1303 1343 1359 Δήλῳ
1367 1305 1393 1347 ἦ
1422 1303 1645 1359 τροχοειδὴς

130 1366 355 1413 καλεομένη.
386 1363 599 1404 Scnwnn.

142 1445 145 1447 ·
187 1422 217 1450 ³¹⁶
245 1422 330 1464 Seu
349 1423 550 1470 λεγόμενος
569 1422 616 1462 in
636 1421 809 1469 ὀνόματι,
828 1423 881 1462 ut
901 1419 998 1461 Act.
1021 1420 1082 1460 ix.
1103 1418 1176 1461 33.
1196 1418 1288 1461 xvi.
1315 1415 1383 1460 14.
1405 1421 1490 1461 etc.
1508 1417 1646 1462 Pleno

131 1479 238 1523 Luc.
259 1481 351 1522 xix.
372 1479 416 1521 2.
447 1477 497 1520 F.
520 1478 599 1520 Sr.

538 1551 877 1602 ΚΑΛΎΜΜΑ,
918 1547 1234 1602 VELAMEN.

142 1618 148 1622 ⁸
187 1622 238 1666 In
256 1625 405 1681 phrasi
437 1624 541 1668 κατὰ
566 1627 737 1679 κεφαλῆς
765 1625 869 1678 ’ἔχειν
899 1623 1119 1665 subintell.
1155 1623 1368 1671 κάλυμμα,
1388 1622 1455 1664 vel
1477 1622 1643 1671 ἱμάτιον,

132 1683 198 1723 vel
218 1683 376 1725 simile.
414 1684 431 1725 l
455 1682 553 1727 Cor.
570 1684 632 1724 xi.
663 1682 706 1724 4.
738 1681 834 1723 Πᾶς
863 1682 954 1737 α’νῆρ
986 1679 1454 1736 προσευχόμενος-κατα
1473 1683 1647 1733 κεφαλῆς

130 1741 248 1793 ἐ’χων.
307 1740 566 1783 Plutarchus
601 1742 648 1782 in
681 1740 1052 1795 Apophthegmat.
1083 1752 1130 1793 p.
1165 1736 1269 1780 200.
1297 1737 1473 1791 plenius
1501 1738 1641 1778 dixit:

130 1798 236 1839 κατὰ
268 1802 438 1852 κεφαλῆς
467 1800 570 1852 ’ἔχειν
587 1800 750 1847 ἱμάτιον.
810 1796 965 1852 [Conf.
995 1795 1136 1850 Toup.
1166 1795 1399 1838 Emendat.
1434 1796 1482 1836 in
1517 1794 1643 1837 Suid.

130 1858 167 1900 t.
186 1856 218 1898 i.
247 1868 294 1912 p.
313 1857 387 1899 37.
417 1856 641 1912 Senum]

654 1931 679 1957 ’ἓ
702 1928 955 1977 ΚΑΡΔΙΑ,
988 1927 1117 1971 COR..

187 2003 239 2046 In
277 2003 488 2046 δάκνεσθαι.
548 2001 794 2057 Xenophon
832 2001 892 2044 K.
915 2001 979 2043 Π.
1018 2002 1098 2043 lib.
1124 2001 1158 2043 i.
1187 2013 1234 2055 p.
1266 2000 1340 2042 36.
1378 1999 1571 2043 Ἀκούσας
1602 2001 1644 2042 δὲ

64 2056 69 2063 ’
131 2067 261 2104 ταῦτα
278 2065 297 2103 ὅ
318 2061 446 2118 Κῦρος
473 2060 645 2115 ἐδήχθη.
677 2075 711 2102 s.
746 2061 818 2103 τὴν
836 2059 1006 2115 καρδίαν,
1033 2061 1102 2101 uti
1135 2059 1360 2113 suppletur
1386 2059 1443 2099 ab
1472 2058 1642 2100 Aristo-

131 2121 276 2174 phane
296 2120 343 2160 in
363 2119 633 2161 Acharneus.
663 2133 707 2160 v.
733 2118 771 2159 1.
803 2117 1015 2166 Δέδηγμαι
1044 2117 1115 2161 τὴν
1136 2118 1306 2164 ἐμαυτοῦ
1324 2116 1495 2172 καρδίαν.
1513 2130 1557 2158 v.
1577 2117 1645 2158 ibi

131 2177 386 2229 Kusterum,
415 2178 493 2231 qui
522 2178 651 2231 plura
690 2176 888 2229 exempla
918 2175 1061 2218 affert.
1120 2173 1283 2215 Eodem
1313 2174 1408 2215 fere
1435 2175 1644 2226 loquendi

131 2236 259 2277 modo
293 2238 359 2276 est
397 2234 548 2276 Actor.
580 2235 631 2275 ii.
676 2233 748 2275 37.
780 2232 1060 2283 Κατενύγησαν
1093 2236 1147 2288 τῇ
1183 2231 1319 2287 καρδίᾳ
1346 2235 1429 2273 etc.
1460 2231 1539 2273 vii.
1570 2231 1645 2277 54,

133 2292 359 2348 Διετρίοντο
391 2296 477 2333 ταῖς
513 2291 680 2348 καρδίαις
715 2293 855 2332 αὑτῶν.
889 2289 1101 2331 SCHWEB.
1172 2288 1349 2342 Longus
1386 2302 1432 2344 p.
1464 2288 1538 2331 20.
1558 2289 1641 2337 fid.

132 2348 306 2391 Villois.
349 2349 469 2391 δάκνει
499 2349 543 2390 τὸ
572 2351 729 2403 φίλημα
763 2349 834 2391 τῆν
868 2348 1036 2403 καρδίαν.
1068 2347 1127 2389 ad
1157 2361 1201 2401 q.
1223 2348 1254 2388 l.
1285 2347 1374 2388 vid.
1407 2345 1642 2388 Villoison.

133 2419 179 2461 p.
200 2405 270 2447 56.
327 2407 471 2449 Aliter
505 2405 720 2449 Homerus
749 2405 800 2447 11.
820 2405 872 2447 E.
894 2420 982 2448 ver.
999 2404 1100 2447 493.
1131 2404 1221 2446 δάκε
1253 2404 1293 2445 δὲ
1322 2406 1454 2460 φρένας
1480 2402 1643 2460 “Ex-rapa

131 2464 377 2518 (exspectes
408 2463 600 2521 ‘'En-roga)
633 2464 776 2513 μῦθος.
815 2463 1183 2516 quemadmodum
1218 2461 1454 2517 Euripides
1483 2461 1641 2504 Phoen.

132 2535 175 2563 v.
206 2520 307 2563 394.
337 2522 406 2563 ed.
441 2520 565 2564 Pors.
603 2523 663 2571 μή
700 2540 746 2563 τι.
764 2521 831 2564 σῆν
858 2521 960 2562 δάκω
990 2523 1117 2576 φρένα.
1146 2521 1222 2562 ubi
1251 2520 1343 2561 vid.
1377 2518 1639 2562 Valckenar.

130 2593 178 2634 p.
205 2579 300 2621 137.
332 2593 396 2633 sq.
454 2578 595 2621 Aliter
619 2580 725 2620 item
755 2577 966 2631 Tragieus
999 2580 1190 2620 incertus
1212 2579 1258 2618 in
1279 2576 1509 2631 Excerptis
1529 2577 1643 2619 Gro-

130 2638 185 2685 tii
223 2650 268 2691 p.
298 2635 401 2678 461.
430 2635 542 2690 (coll.
563 2635 752 2678 Brunck.
777 2636 834 2677 ad
857 2635 1062 2690 Sophocl.
1083 2636 1209 2689 Ajac.
1230 2635 1327 2690 fin.)
1346 2636 1463 2681 πῆμα
1484 2634 1518 2675 δ’
1538 2635 1640 2676 οὐδὲν

129 2694 180 2749 (Ι.
200 2695 300 2735 οὐδὲν
334 2694 373 2735 δὲ
405 2695 526 2748 πῆμ’)
545 2692 741 2749 ἐλευθέρου
759 2693 902 2746 Ψυχὴν
920 2693 1065 2734 ’ἔδακνεν
1090 2693 1233 2748 ἀνδρὸς,
1264 2694 1314 2732 ὧς
1337 2693 1491 2740 ἀτιμία.
1550 2691 1640 2733 Sed

130 2759 182 2794 ut
209 2750 457 2807 Xenophon
486 2752 516 2793 l.
542 2765 581 2792 c.
613 2749 830 2792 Leonidas
859 2750 1034 2793 Tarent.
1066 2752 1173 2794 lxiv.
1212 2763 1301 2792 ver.
1332 2748 1376 2790 4.
1408 2752 1438 2790 εἰ
1471 2751 1538 2790 καί
1571 2751 1639 2799 μίν

133 2863 220 2906 zezen*
230 2861 367 2902 θυομένῳ,
382 2863 577 2915 carrufa-‘anti
598 2862 676 2893 laeea
694 2862 783 2901 fiunt
794 2871 850 2891 ex·
911 2862 1012 2893 litato.
1043 2860 1106 2892 ubi
1137 2859 1277 2902 pulchre
1299 2859 1553 2901 Wesselingius‚
1578 2870 1638 2890 ex-

131 2910 177 2936 ta.
221 2905 406 2936 Subaudias
430 2905 472 2935 τὰ
499 2904 557 2947 1302.
613 2904 715 2935 Plene
744 2904 851 2934 Hero·
913 2905 1025 2944 empta
1066 2904 1249 2937 locutionis
1279 2902 1441 2946 enipticae
1476 2886 1639 2939 excitans.

132 2948 229 2980 dotus
259 2948 304 2982 ix.
331 2949 382 2984 19.
419 2947 669 2991 καλλιερησάντων
695 2947 751 2979 τᾶν
778 2946 850 2991 1³33»,
915 2947 1077 2980 Senum.
1228 2962 1232 2969 =
1345 2949 1350 2954 ⁴
