1838 3164
177 131 258 183 190
339 190 341 193 ι
549 133 624 176 DE
650 132 860 178 ELLIPSI
885 133 958 176 ET
983 129 1321 177 PLEONASMO

172 247 302 298 τόπον,
330 245 408 294 8ιῖ
419 246 490 293 τῆν
513 249 722 307 παρουσίαν
741 250 811 296 τῆς
832 250 1000 299 δαίμονος
1021 247 1094 290 ὑπὸ
1124 247 1266 304 τρόμου
1285 241 1588 293 διασαλευῦἦνοςι·
1620 239 1673 292 διὸ

171 305 234 358 καὶ
247 303 514 362 Τξεμιθοῦντα
529 306 731 355 κληθῆναι.
792 307 859 350 An
877 309 1010 349 etiam
1032 307 1078 348 in
1098 308 1177 348 hoc
1198 318 1322 348 versu
1341 302 1465 345 Φαντί
1484 297 1672 356 νιν“Ἠροι-

171 364 267 406 κλῆϊ
282 366 368 413 βίαν
389 364 453 407 καὶ
468 383 604 422 »capros
626 365 774 422 ἐρίσδεν,
797 365 1196 418 &iintelligendum
1214 362 1461 418 putabunt?
1512 357 1673 409 Parum

171 419 318 464 differt
338 435 365 465 a
387 421 601 478 Stephani
622 423 717 466 loco
738 425 818 465 hoc
841 422 1069 479 Sophoclis
1088 423 1132 463 in
1154 422 1282 463 initio
1305 418 1556 472 Antigonae:
1579 413 1675 482 Ἀρῖ

169 474 267 518 οἷσθ’
291 479 347 522 ὅτι
378 479 481 522 Ζεὺς·
513 485 586 523 τῶν
612 484 680 523 ἀπ’
710 480 875 523 Οἰδίπου
903 485 1026 522 κακῶν
1047 479 1209 521 ‘Ovorov
1240 478 1330 532 οὐχὶ
1366 483 1430 534 νῷν
1449 477 1508 526 ἔτι
1540 475 1674 530 ζώσαιν

172 540 303 585 τελεῖς
337 537 555 583 caeterum
588 537 730 581 Graeci
766 539 969 580 similiter
1004 539 1137 581 etiam
1172 538 1282 579 alias
1302 535 1540 591 particulas
1573 544 1675 602 con·⁸

84 591 361 645 1965truunt,
385 600 435 637 ut
465 595 544 639 ἐπεὶ
563 601 608 639 et
637 596 762 640 πλήνε
794 595 853 637 So
887 598 1031 638 hocles
1052 598 1097 637 in
1131 593 1302 637 Electra
1334 607 1374 635 v.
1407 591 1503 635 352.
1559 588 1675 631 ’Emi

171 649 329 702 δίδαξον.
389 651 447 698 Et
466 655 511 696 in
532 652 687 697 Trach.
710 653 779 695 41.
837 610 958 696 Ϊῗλῆν
981 652 1063 703 ἐμοὶ
1093 652 1232 708 πικρὰς
1249 651 1410 695 ’.Ωδῖνας
1428 652 1546 693 αὑτοῦ
1561 663 1674 704 προσ·

169 709 300 756 βαλὼν
320 712 545 764 ἀποίχεται.
606 711 679 754 Sic
699 712 761 752 ibi
783 712 1069 753 scribendum.

227 765 313 809 Sed
331 768 495 813 dictum
515 773 578 811 est
598 770 706 810 satis
720 769 773 809 de
793 770 953 824 ellipsL¹
1012 768 1168 822 Neque
1187 769 1321 818 enim,
1355 781 1451 825 quae
1473 767 1520 811 in
1552 762 1674 808 Bosii

170 824 282 875 libro
302 825 354 866 de
375 827 520 884 ellipsi
542 828 985 880 pluriumverborum
1014 827 1184 879 adjecta
1221 831 1338 875 sunt,
1376 824 1577 879 attingia
1598 835 1674 863 no-

173 882 241 923 bis
275 883 512 936 quisquam
545 886 709 938 cupiet,
745 898 930 937 quorum
970 885 1163 927 maxima
1206 897 1309 939 pars
1341 883 1575 933 manifesto
1618 878 1675 930 ad

169 940 448 995 aposiopesin
470 942 704 995 pertineat,
725 943 896 995 reliqua
915 946 1059 986 autem
1091 947 1184 985 tam
1216 943 1306 984 sint
1335 942 1500 994 inepta,
1534 940 1586 989 ut
1603 949 1701 979 ne-·

170 998 294 1046 mini,
316 999 391 1052 qui
413 1011 520 1040 sana
534 1000 705 1041 ratione
725 1003 889 1048 utatur,
910 1002 1080 1056 placere
1100 1001 1285 1055 possint.
1329 996 1542 1043 Cae‘oerum
1561 993 1678 1060 qum}

170 1066 341 1097 omnem
364 1060 556 1098 nostram
575 1058 920 1111 disputationem
943 1060 986 1099 in
1003 1058 1070 1099 his
1088 1058 1389 1112 scriptoribus,
1410 1054 1486 1109 qui
1498 1052 1675 1108 prosam

171 1117 396 1164 vocantur,
433 1115 670 1156 consistere
706 1116 938 1162 voluimus,
965 1117 1055 1158 haec
1084 1128 1239 1158 caussa
1268 1117 1352 1162 est,
1379 1113 1495 1169 quod
1529 1121 1676 1155 sacros

172 1167 522 1214 Christianorum
544 1172 695 1220 libros,
711 1186 856 1215 cereos
876 1174 991 1215 flecti
1011 1173 1299 1226 quorumdam
1319 1172 1501 1221 artibus,
1533 1179 1675 1232 neque

166 1228 279 1278 juris
302 1230 438 1270 nostri
470 1230 698 1275 videbatur
727 1231 961 1284 attingere,
994 1245 1072 1273 nec
1104 1231 1312 1274 scientiae.
1374 1228 1500 1277 Quod
1530 1227 1568 1269 si
1599 1237 1674 1278 qu¹

170 1284 284 1326 forte
306 1290 434 1328 erunt
454 1287 662 1340 theologi,
687 1289 764 1340 qui
787 1302 865 1331 nos
882 1289 1048 1341 aliquid
1070 1290 1160 1330 veri
1182 1289 1345 1330 dixisse
1365 1287 1574 1333 indicent,
1599 1283 1677 1326 hos

170 1343 286 1383 viam
301 1357 526 1399 speramus
547 1347 801 1387 inventuros
820 1360 1029 1399 esse,qua
1047 1347 1182 1388 etiam
1211 1347 1506 1402 apostolorum
1535 1353 1677 1387 sermo

169 1400 225 1441 ab
245 1402 345 1443 istis
366 1403 589 1458 ellipsium
609 1404 807 1446 sordibus
828 1405 1057 1446 liberetur.

667 1490 786 1533 XIII.
818 1490 887 1533 De
916 1490 1185 1534 Pleonasmo.

225 1559 620 1616 Transgrediamur
654 1565 709 1605 ab
729 1565 874 1620 ellipsi
907 1566 963 1607 ad
983 1560 1297 1619 pleonasmum,
1331 1564 1455 1617 cujus
1486 1561 1674 1617 explica-

169 1620 233 1660 tio
255 1622 499 1674 aliquant0,
535 1635 667 1675 quam
695 1624 917 1676 ellipseos,
954 1623 1128 1675 facilior
1156 1627 1247 1663 est:
1278 1634 1364 1662 non
1400 1619 1527 1670 modo
1552 1618 1676 1676 ¹quod

171 1679 348 1719 omnino
368 1680 510 1720 minor
531 1683 597 1721 est
618 1680 663 1719 in
685 1681 940 1733 pleonasmo
967 1680 1225 1730 obscuritas,
1260 1680 1332 1720 sed
1364 1678 1515 1727 etiam,
1542 1677 1674 1731 quod,

84 1744 160 1790 197
170 1747 302 1787 quum
323 1737 467 1791 ellipsi
484 1737 577 1778 fere
597 1738 841 1778 contrarius
860 1739 918 1779 sit
951 1738 1246 1792 pleonasmus»,
1274 1737 1474 1791 ellipseos
1504 1735 1675 1791 exposir

170 1793 233 1834 tio
272 1795 388 1836 ultro
425 1795 629 1843 ostendit,
659 1808 756 1848 quae
788 1796 1028 1849 pleonasmi
1064 1795 1122 1837 sit
1159 1797 1290 1836 ratio.
1348 1792 1676 1842 Demonstravi-

171 1863 267 1891 mus
303 1857 448 1893 autem
468 1854 644 1907 ellipsin
674 1866 766 1894 esse
786 1853 1068 1893 omissionem
1097 1853 1314 1899 vocabuli,
1334 1852 1390 1892 ad
1421 1849 1676 1904 grammati-

169 1921 263 1949 cam
303 1910 478 1962 quidem
510 1912 874 1952 constructionem
906 1911 1152 1962 necessarii,
1188 1910 1263 1951 sed
1301 1923 1382 1950 usu
1422 1909 1486 1959 ita
1525 1907 1674 1958 deesse

171 1967 302 2014 soliti,
339 1971 389 2008 ut
409 1972 564 2023 sponte
585 1968 872 2022 intelligatur.
934 1967 1062 2016 Quod
1081 1968 1117 2009 si
1152 1967 1398 2014 contrarius
1432 1969 1499 2008 est
1529 1964 1672 2020 ellipsi

170 2024 463 2076 pleonasmus,
493 2027 794 2080 pleonasmum
826 2039 1000 2067 necesse
1029 2029 1097 2066 est
1124 2026 1168 2066 in
1198 2024 1442 2078 adjectione
1472 2022 1672 2073 vocabuli

171 2083 359 2134 positum
383 2096 493 2131 esse,
511 2085 622 2139 quod
656 2084 833 2124 tametsi
866 2085 921 2124 ad
942 2085 1276 2137 grammaticam
1309 2082 1526 2123 rationem
1561 2079 1673 2121 nihil

171 2139 380 2186 conferat,
403 2154 455 2181 ex
475 2155 553 2181 usu
576 2142 639 2182 sic
672 2142 869 2192 addatur,
902 2146 952 2182 ut
981 2154 1158 2197 prorsus
1192 2141 1399 2188 abundet,
1435 2139 1479 2180 id
1505 2141 1588 2184 est,
1623 2141 1674 2181 ut

171 2196 300 2249 plane
328 2197 434 2238 nihil
458 2199 685 2251 significet.
745 2198 861 2239 Nam
892 2199 978 2241 nisi
1007 2200 1309 2253 pleonasmum
1345 2199 1391 2238 in
1427 2195 1672 2250 adjectione

172 2255 365 2295 vocabuli
398 2256 507 2296 nihil
547 2257 677 2310 plane
706 2257 994 2309 significantis
1022 2257 1244 2310 ponimus,
1277 2269 1363 2297 non
1385 2253 1525 2308 magis
1553 2252 1669 2306 pleo-

171 2322 421 2353 nasmorum
439 2314 626 2355 inveniri
648 2315 811 2368 poterit
831 2314 946 2362 finis,
969 2327 1101 2368 quam
1121 2326 1253 2367 supra
1271 2313 1315 2353 in
1338 2313 1481 2366 ellipsi
1502 2311 1667 2360 factum

169 2367 380 2411 videmus.
465 2369 563 2417 Quo
594 2372 638 2412 in
678 2385 823 2424 errore
854 2372 1116 2424 exagitando
1147 2384 1279 2424 quum
1323 2372 1440 2410 totus
1474 2370 1672 2419 versetur

168 2420 353 2467 Weiskii
390 2428 514 2477 liber,
550 2429 705 2471 mirum
736 2433 802 2470 est
839 2434 1003 2476 tamen,
1036 2429 1152 2481 quod
1183 2428 1259 2469 ille
1298 2425 1543 2487 nonpmodo
1570 2425 1667 2482 hos,

168 2483 242 2536 qui
275 2484 364 2524 veri
397 2490 498 2526 sunt
532 2488 787 2540 pleonasmi,
818 2488 909 2529 sere
930 2500 1080 2530 omnes
1110 2486 1398 2541 p1·aete1·ierit;
1429 2496 1536 2543 quos
1564 2494 1670 2535 sane

167 2539 340 2590 quidem
362 2543 596 2584 secundum
617 2545 914 2586 definitionem
935 2545 1192 2599 pleonasmi,
1216 2543 1347 2595 quam
1366 2543 1530 2596 posuit,
1561 2553 1668 2595 prae-

166 2597 296 2637 terire
314 2598 465 2641 debuit
487 2615 496 2640 :
531 2602 605 2642 sed
625 2604 758 2643 etiam
780 2603 894 2658 quod
913 2603 965 2643 de
987 2603 1072 2649 his,
1094 2602 1170 2655 qui
1191 2600 1327 2641 videri
1348 2602 1530 2654 possunt
1548 2598 1668 2654 pleo-

167 2655 308 2697 nasmi
329 2669 437 2704 esse,
459 2671 593 2710 quum
615 2673 699 2701 non
722 2660 828 2708 sint,
851 2660 1080 2700 minimam
1110 2662 1282 2715 partem
1308 2657 1520 2710 attigerit,
1582 2654 1669 2707 Sed

168 2722 303 2763 quum
325 2726 378 2754 ne
398 2716 522 2756 nobis
541 2718 715 2770 quidem
737 2718 827 2758 haec
848 2718 906 2759 sit
929 2730 1045 2765 cura,
1077 2722 1128 2759 ut
1147 2717 1242 2765 hos,
1263 2728 1371 2768 quos
1390 2727 1436 2755 re
1464 2725 1566 2757 vera
1586 2724 1666 2770 pu,-

166 2772 312 2826 tamus
330 2772 606 2830 pleonasmos
626 2776 842 2816 vocandos
861 2787 967 2826 esse,
1002 2775 1194 2830 undique
1224 2785 1506 2828 congeramus
1534 2773 1669 2823 ‚atque

167 2829 375 2882 exemplis
394 2830 681 2873 illustremus:
714 2833 867 2887 paucis
885 2846 937 2873 ea
949 2833 1178 2883 dumtaxat
1193 2830 1434 2877 consectari
1452 2829 1667 2886 volumus?

167 2895 263 2937 quae
281 2886 428 2940 capita
447 2893 548 2930 sunt
570 2889 698 2941 hujus
718 2891 1045 2944 disputationis.

222 2941 285 2988 Ac
305 2944 501 2992 videmus
533 2960 636 2992 eum
668 2948 1026 2993 dissimilitudine
1059 2945 1249 3006 quadam
1288 2946 1523 3001 maximam
1550 2943 1667 3002 pleo-
