1838 3164
179 79 244 123 26⁷
620 90 990 138 PLnoNAsMUs
1018 88 1294 139 Amicum.

186 206 433 251 orationem
451 202 647 260 inchoat,
662 219 793 266 quam
809 212 865 253 ab
882 212 959 252 illo
974 211 1139 253 absolvi
1152 212 1246 253 vult
1266 225 1277 260 ;
1309 212 1404 267 ipse
1419 215 1585 264 autem,
1599 213 1708 271 quia

186 275 286 307 eam
320 265 546 312 absolvere
580 281 670 311 non
697 273 858 324 potest,
894 270 1018 311 addit
1047 282 1290 323 pronomen
1322 272 1703 325 interrogativum,

185 317 412 378 Exemplis
431 326 572 368 utitur
591 326 817 382 Aristoph.
840 328 886 367 in
909 326 1020 369 Pace
1041 325 1135 369 693.
1158 341 1213 368 ss.
1252 326 1313 368 οἵα
1341 331 1384 377 μ’
1407 331 1596 371 εκέλευσεν
1617 330 1707 373 οἰνα-

185 379 387 424 πυθέσθᾱί
401 400 465 425 σου
484 383 620 426 ἱ-Τοὶ
633 387 673 426 τί
693 384 1011 433 ’ἓ-Εὐδαιμονεῖ,
1036 386 1188 439 πάσχει
1214 384 1253 426 δὲ
1275 384 1619 435 θαυμαστόν-Τὸ
1633 385 1707 430 fri?

184 441 232 480 et
261 437 451 494 AEschyl.
471 441 694 485 Prometh.
726 441 824 484 248.
859 455 891 483 s.
934 441 1150 498 Srnvozbfgv'
1173 443 1323 484 ’ἔπαυσα
1342 443 1402 492 μὴ
1432 444 1707 502 προδέρκεσθαι

183 497 413 553 μόρον-Τὸ
447 504 556 542 ποῖον
599 500 709 555 εὑρὼν
739 500 852 543 τῆσδε
884 501 1081 556 φάρμακον
1109 501 1246 542 rocon?
1287 502 1528 545 Simillima
1568 502 1708 558 igitur

183 556 301 597 ratio
322 560 390 598 est
409 569 578 607 eorum,
598 572 696 613 quae
716 559 834 599 infra
854 559 937 599 sub
958 559 1017 599 ἵνα
1035 559 1233 612 exposui.

242 609 284 654 9.
333 616 576 659 Intercedit
610 616 820 658 articulus
861 617 1026 670 passIm
1062 617 1344 661 substantivo
1383 623 1429 661 et
1465 618 1704 674 adjectivo,

183 672 382 725 quorum*
398 675 620 730 posterius
638 685 718 729 per
738 687 783 715 se
817 674 913 715 sine
933 673 1117 715 articulo
1150 677 1402 730 ponendum
1436 679 1613 720 videtur
1634 687 1705 721 eo·

183 730 284 771 dem
319 731 366 787 in
399 745 522 781 casu,
553 733 630 786 qui
665 736 815 773 tamen
852 732 1046 772 mutatur
1082 732 1128 773 in
1159 735 1419 787 genitIVum.
1498 734 1704 791 Xenoph.

183 784 326 830 Conv.
348 790 425 831 vii.
447 790 489 832 2.
521 790 664 846 τροχὸς
685 794 759 832 τῶν
779 791 1003 845 κεραμεικῶν
1023 801 1106 843 pro
1126 807 1188 847 τρ.
1211 794 1446 848 κεραμεικός.
1477 792 1702 850 Theophr.

183 843 319 888 Char.
356 845 398 889 5.
432 846 634 903 Θυξιακάς
655 851 731 890 τῶν
761 849 1001 904 στρογγύλων
1033 847 1244 901 ληκύθους,
1283 849 1486 906 Tyriacas
1521 850 1709 909 lecytho&

180 902 403 946 rotundas.
462 903 616 947 Fluxit
645 906 733 954 hic,
767 905 843 959 qui
872 905 957 946 dici
977 908 1140 960 potest,
1160 908 1443 962 pleonasmus
1471 922 1497 951 e
1525 906 1704 952 subtili-

181 964 292 1005 tate.
354 961 434 1004 Est
446 963 566 1005 enim
585 964 661 1006 ille
691 964 811 1005 haud
839 963 967 1004 dubie
996 965 1140 1018 partis
1169 965 1412 1020 genitivus,
1443 967 1537 1010 sive
1565 964 1705 1023 partis

181 1020 321 1061 tionis
347 1020 496 1070 index,
515 1025 567 1063 ut
585 1025 706 1064 recte
736 1021 966 1064 Fischerus
986 1027 1154 1065 monet.
1215 1022 1335 1066 Nam
1357 1025 1394 1067 si
1418 1024 1537 1081 apud
1557 1024 1703 1068 Xeno-

179 1078 395 1132 phontem
415 1092 454 1120 v.
468 1092 512 1133 g.
536 1079 758 1136 κεραμεικὸς
775 1081 935 1123 dictum
957 1085 1090 1130 esset,
1120 1082 1359 1136 peculi-aris
1378 1083 1577 1126 materiae
1611 1087 1702 1127 tro-

180 1136 288 1178 chus
329 1141 480 1192 posset
516 1138 726 1192 intelligi,
776 1144 909 1192 necue
939 1140 1093 1180 statim
1133 1143 1321 1195 pateret,
1362 1154 1501 1195 genus
1530 1143 1703 1185 certum

182 1207 278 1236 esse
318 1195 590 1238 trochorum.
666 1197 757 1245 Sic,
788 1201 838 1239 ut
861 1197 980 1239 aliud
1010 1198 1189 1247 addam,
1221 1197 1425 1242 Socrates
1454 1201 1501 1241 in
1531 1197 1703 1254 Gorgia

181 1250 382 1296 Platonis
403 1267 449 1308 p.
478 1253 573 1296 156.
606 1257 688 1297 vol.
711 1255 769 1297 iv.
800 1255 901 1296 dicit
932 1254 1096 1309 συχνοὺς
1126 1257 1234 1298 reim
1264 1261 1340 1299 τῶν
1370 1258 1508 1309 λόγων,
1536 1256 1704 1316 (perpe-

181 1315 277 1353 tuas
288 1310 478 1368 produco
501 1311 684 1368 (habeo)
702 1311 955 1367 orationum)
989 1313 1118 1358 ἐπειδή
1138 1332 1205 1362 μοι
1223 1320 1290 1355 οὐκ
1310 1314 1456 1357 ἐθέλεις
1476 1317 1703 1372 ἀποκρίναισ-

181 1366 262 1409 Sat.
324 1369 444 1411 Nam
462 1371 570 1419 λόγοι
597 1375 783 1425 possunt
802 1383 891 1412 esse
920 1372 989 1413 vel
1005 1372 1236 1428 'perpetum
1272 1371 1486 1415 orationes
1513 1374 1581 1415 vel
1613 1372 1705 1415 bre-

181 1438 253 1468 ves
283 1426 437 1469 mimis
472 1427 686 1484 responsis
724 1427 1150 1484 interrogatiunculae.
1229 1428 1315 1472 His
1353 1431 1561 1484 quoniam
1601 1428 1705 1472 Cal-

181 1484 305 1526 licles
325 1498 413 1527 non
432 1486 511 1528 dat
530 1498 725 1534 causam,
749 1486 944 1529 Socrates
976 1492 1155 1530 coactus
1186 1491 1255 1529 est
1286 1489 1364 1530 illa
1391 1493 1518 1543 parte
1538 1490 1701 1530 oratio-

182 1554 290 1584 num
323 1545 409 1592 uti,
453 1557 551 1599 quae
590 1545 798 1586 dicuntur
821 1550 1048 1600 perpetuae.
1125 1544 1232 1587 Post
1272 1547 1406 1587 etiam
1452 1544 1700 1600 elegantiae,

180 1603 308 1655 puto,
344 1614 478 1644 causa
509 1601 601 1645 haec
628 1603 777 1650 forma
799 1602 1001 1644 adhiberi
1030 1604 1181 1658 coepit.
1239 1603 1314 1645 Sic
1351 1607 1470 1646 certe
1500 1607 1698 1647 statuen-

179 1658 286 1700 dum
306 1673 348 1702 v.
367 1674 404 1702 c.
427 1660 597 1702 deloco
628 1658 837 1702 Herodoti
873 1660 903 1701 i.
927 1659 1000 1701 24.
1033 1660 1097 1701 τὸν
1126 1660 1272 1702 πολλὸν
1304 1666 1373 1704 τοῦ
1398 1664 1550 1718 χρόνου.
1609 1656 1699 1705 Sed

180 1728 233 1758 eo
253 1718 396 1759 utitur
416 1717 612 1760 Dorville
642 1718 699 1760 ad
721 1717 887 1759 Charit.
911 1718 942 1759 i.
972 1718 1036 1760 13.
1059 1718 1176 1760 inter
1196 1720 1303 1768 alia,
1321 1720 1368 1761 in
1389 1721 1552 1773 quibus
1574 1721 1700 1776 ellip-

180 1773 243 1816 sis
260 1784 356 1816 esse
376 1775 542 1818 dicitur
563 1778 755 1819 nominis
775 1775 890 1832 κερῖς,
913 1781 990 1818 aut
1011 1779 1144 1832 μοῖρα,
1177 1781 1229 1819 ut
1254 1778 1280 1821 ,ἦ
1306 1776 1445 1822 πολλὴ
1476 1780 1548 1823 τῆς
1581 1792 1698 1834 στρα-

182 1834 283 1881 τιᾶς,
312 1834 337 1877 ἦ
357 1835 529 1878 πλείστη
564 1837 636 1879 τῆς
666 1837 806 1891 χώρας.
870 1834 1093 1876 Nimirum
1129 1836 1265 1876 etiam
1296 1836 1343 1877 in
1370 1837 1439 1878 his
1473 1837 1698 1890 genitivus

181 1895 248 1931 est
267 1892 542 1945 partitionis,
570 1897 624 1934 ut
652 1893 865 1946 copiosius
886 1893 1014 1934 docet
1043 1891 1278 1934 Fischerus
1313 1893 1359 1935 in
1382 1893 1618 1935 Animadv.
1641 1894 1700 1937 ad

179 1946 311 1990 Well.
333 1947 413 1990 Gr.
435 1950 499 1991 iii.
525 1963 563 1991 a.
596 1964 639 2006 p.
673 1950 766 1993 296.
800 1964 860 1991 ss.
882 1952 1176 2005 probantibus
1208 1952 1325 1992 idem
1361 1953 1469 1994 viris
1499 1952 1699 1995 doetissi-

180 2007 282 2055 mis,
300 2020 489 2060 quorum
509 2010 764 2051 auctoritate
783 2010 939 2050 utitur.
973 2015 1003 2034 “
1021 2007 1151 2051 Unde
1167 2009 1511 2064 enim,’'inquit,
1543 2017 1572 2035 ‘⁶
1595 2017 1701 2066 pen-

181 2070 212 2090 “
245 2065 347 2107 dere
368 2066 570 2108 dicantur
590 2066 765 2122 genitixi
789 2067 1169 2110 substantivorum
1186 2066 1532 2110 masculinorum
1553 2068 1699 2122 adJec-

181 2129 213 2148 “
246 2124 352 2165 tivis
373 2125 510 2178 ejusd.
533 2127 708 2178 generis
735 2125 946 2167 additi?''
978 2124 1151 2167 Deinde
1186 2126 1317 2167 affert
1353 2127 1556 2180 exempla
1585 2126 1699 2168 bene

178 2181 319 2224 multa
339 2180 591 2225 Herodoteo
611 2185 785 2231 similia,
806 2187 857 2225 ut
878 2182 1109 2224 Demosth.
1140 2197 1179 2225 c.
1201 2182 1327 2239 Lept.
1350 2183 1390 2225 7.
1423 2186 1440 2224 ὁ
1472 2184 1610 2232 ἥμισυς
1630 2187 1699 2238 τᾳῑῖ

179 2241 334 2294 χρόνου.
395 2239 606 2283 Herodot.
629 2243 693 2283 iii.
718 2241 810 2284 105.
845 2241 908 2283 τὸν
942 2243 1055 2282 πλέω
1077 2245 1145 2284 τοῦ
1174 2247 1337 2296 χρυσοῦ.
1393 2240 1535 2283 Thuc.
1574 2242 1603 2282 i.
1626 2241 1696 2284 30.

179 2301 248 2339 τοῦ
267 2298 406 2352 χρόνου
422 2298 485 2340 τὸν
505 2303 713 2342 maffaron
739 2303 782 2342 et
803 2299 879 2340 vii.
905 2298 973 2341 69.
1006 2301 1040 2340 ἐν
1053 2305 1108 2356 τῷ
1130 2302 1285 2356 τοιούτῳ
1306 2304 1374 2342 τοῦ
1392 2300 1546 2355 χρόνου.
1578 2297 1698 2354 Ergo

178 2357 225 2396 et
244 2359 349 2396 ante
369 2355 586 2398 feminina
605 2358 816 2400 redundat
835 2358 1051 2399 articulus
1071 2371 1081 2405 ;
1113 2361 1173 2406 et,
1209 2370 1482 2411 quamquam
1514 2358 1698 2411 nomina.

177 2412 225 2453 in
247 2412 316 2454 his
331 2415 545 2469 exemplis
574 2428 660 2457 non
681 2418 867 2471 speciem
886 2416 1079 2469 generis,
1114 2419 1164 2456 ut
1186 2416 1232 2456 in
1252 2416 1397 2457 tribus
1417 2415 1507 2473 illis
1534 2417 1694 2470 priori-

177 2470 277 2519 bus,
300 2471 517 2520 indicant,
541 2474 616 2514 sed
637 2478 775 2515 totum
796 2478 924 2529 parte
944 2473 1157 2522 detracta,
1188 2477 1340 2516 tamen
1361 2477 1554 2515 ceterum
1583 2473 1696 2517 nihil

119 2557 122 2560 ι
176 2528 446 2571 discriminis
463 2535 530 2572 est
544 2530 807 2586 ponendum.
1286 2555 1289 2557 ·

241 2585 308 2628 10.
343 2586 547 2641 Denique
570 2590 733 2642 aliquid
765 2591 1028 2645 adspergere
1060 2591 1192 2633 liceat
1232 2591 1286 2633 de
1318 2591 1444 2639 loeis,
1472 2589 1549 2631 ubi
1584 2588 1697 2632 vitio

176 2643 462 2699 interpretum
498 2650 542 2687 et
572 2648 941 2703 typographorum
987 2650 1198 2690 articulus
1232 2649 1407 2691 videtur
1451 2645 1694 2689 abundare.

177 2700 364 2744 Constat
385 2702 443 2743 ὅδε
466 2705 482 2743 ὃ
502 2717 628 2758 aeque
647 2706 748 2755 dici,
775 2710 910 2759 atque
937 2706 1045 2748 οὗτος
1073 2709 1103 2747 ὅ.
1134 2706 1227 2761 (Cf.
1265 2707 1395 2748 modo
1425 2705 1545 2747 dicta
1574 2704 1622 2746 S.
1651 2703 1693 2746 5.

175 2764 221 2802 et
251 2761 370 2802 infra
389 2759 575 2803 dicenda
596 2763 651 2804 ad
673 2762 814 2819 οὗτος.)
873 2763 959 2805 Sed
990 2766 1035 2805 in
1056 2762 1240 2807 Luciani
1263 2765 1446 2806 Somnio
1466 2763 1505 2818 ξ.
1534 2761 1599 2804 15.
1630 2763 1704 2822 sic>

175 2831 432 2873 expressum
452 2823 520 2861 est
540 2821 585 2861 in
607 2821 671 2862 ed.
691 2820 868 2877 Bipont.
901 2823 1125 2871 ἀμείψομαι
1161 2824 1200 2864 σὲ
1221 2821 1335 2866 τῆσδε
1357 2824 1428 2866 τῆς
1447 2820 1690 2863 δικαιοσύνης.

174 2874 239 2917 Ibi
258 2877 473 2920 Solanus:
506 2883 536 2903 “
559 2876 701 2929 Τῆςδὲ
724 2883 822 2924 τῆςε
855 2877 960 2921 Fuit
980 2879 1080 2922 cum
1101 2881 1321 2922 crederem
1356 2875 1591 2933 legendum
1623 2878 1694 2930 «ἰ-ῖήςμ

173 2940 205 2962 “
236 2932 276 2982 δὲ
302 2937 384 2985 σῆς,
443 2932 530 2982 Sed
561 2935 625 2982 sic
654 2939 791 2985 etiam
821 2941 1064 2998 usurpatur
1094 2936 1464 2997 elegantissime.”
1533 2935 1620 2980 Sed
1651 2931 1700 2990 δὲ
