1838 3164
182 111 261 158 144
703 123 896 158 ELLIPSIS
917 118 1150 156 NOMINUM.

181 231 310 274 Rom.
325 243 371 331 Ii.
402 227 474 271 26.
492 228 614 271 vvitem'
641 227 688 270 in
718 227 927 283 ἓηλυτέρα.
987 223 1112 266 Plato
1144 219 1304 264 alicubi
1334 217 1488 278 plene:
1521 216 1671 268 θήλειαι

179 291 296 347 κόραι.
363 302 486 330 EISN.

620 379 647 407 ἦ*
668 374 930 425 ΚΟΡὙΦΗ,
972 370 1231 416 VERTEX.

238 455 494 511 Exemplum
514 456 644 508 hujus
663 452 872 505 Ellipseos
892 448 1144 503 suppeditat
1165 449 1288 489 nobis
1306 447 1521 490 Homerus
1537 445 1590 488 11.
1613 446 1676 488 Δ.

183 528 226 557 v.
239 512 519 567 484.-οἷ’όξοι
536 515 594 553 ἐπ’
607 511 799 566 ἀκροτάτῃ
819 509 997 559 πεφύασι.
1015 506 1092 546 ubi
1108 505 1253 548 Schol.
1265 505 1342 547 Gr.
1357 509 1499 561 κορυφῇ
1510 503 1675 547 δηλαδή.

186 570 391 627 [Fallitur
412 571 673 612 Scholiastes
692 566 891 616 fallitque
911 563 1245 612 Schwebelium,
1265 564 1337 604 cui
1356 563 1520 605 centies
1540 562 1679 616 impo-

185 634 366 671 suerunt
384 628 568 670 Scholia.
591 627 649 666 ἐπ’
665 623 858 679 ἀκροτάτῃ
873 620 1149 662 referendum
1174 621 1230 662 ad
1249 621 1419 677 αἴγειρος.
1456 619 1679 672 Samma]

185 685 237 727 In
274 688 360 726 κατ’
400 684 530 740 ἄκρης.
575 681 699 723 Iliad.
739 677 800 720 N.
833 692 874 719 v.
904 677 1004 719 772.
1066 677 1187 732 [Vid.
1227 691 1361 733 supra
1399 678 1455 719 ad
1492 675 1680 730 Κεφαλῆ.

186 742 410 797 Semnan]
441 743 507 783 uti
541 740 656 795 apud
689 736 874 778 Latinos
905 748 1077 789 quoque
1110 735 1200 778 haec
1238 735 1415 790 Ellipsis
1449 734 1681 788 reperitur.

187 801 259 842 Sic
286 798 499 841 Horatius
517 799 592 839 lib.
615 798 662 837 ii.
694 797 773 836 sat.
793 793 860 834 iii.
891 807 933 835 v.
954 793 1054 836 309.
1087 792 1137 835 ab
1166 792 1250 835 z'mo
1281 793 1340 834 ad
1356 805 1562 834 summum
1594 804 1682 833 mo-

187 857 283 899 duli
301 855 519 913 bipedalis.
579 854 697 895 Idem
718 852 795 893 lib.
818 851 866 892 ii.
898 851 1024 905 epist.
1047 850 1078 891 i.
1109 865 1150 892 v.
1169 850 1241 892 32.
1282 850 1480 893 Venimus
1499 848 1558 890 ad
1575 861 1683 891 Sum-

185 928 299 956 mum
309 914 510 971 fortunae.
533 926 567 954 s.
589 922 797 953 cacumen.
813 921 946 962 quam
957 921 1103 950 vocem
1115 909 1292 962 supplet
1309 907 1535 950 Lucretius
1550 907 1625 948 lib.
1642 920 1684 948 v.

185 986 276 1013 ver.
303 971 422 1014 1456.
453 970 510 1012 ad
529 980 735 1010 summum
761 965 889 1008 donec
907 978 1052 1009 venere
1071 978 1284 1008 cacumen.
1342 965 1398 1008 V.
1418 964 1620 1007 Sanctius
1635 965 1683 1005 in

189 1028 301 1071 Min.
323 1031 397 1071 lib.
419 1030 476 1070 iv.
505 1042 542 1070 c.
565 1026 608 1068 4.
639 1024 853 1066 Scnwnn.

523 1120 861 1173 ΚΟΣΜΗΜΑ,
892 1118 1201 1163 ORNAMEN
1205 1118 1333 1162 TUM
1337 1152 1348 1162 .

241 1200 293 1244 In
326 1201 370 1242 τὸ
403 1199 718 1256 περιτραχήλιον.
750 1195 1023 1251 Hesychius:
1047 1194 1247 1245 Ἴσθμιον,
1278 1196 1574 1252 περιτραχήλιον
1603 1195 1688 1237 κόσ-

187 1278 321 1310 μημα.
394 1259 516 1313 [Vid.
563 1256 718 1298 Moeris
755 1268 802 1310 p.
832 1253 932 1297 289.
972 1252 1069 1295 326.
1101 1258 1146 1296 et
1178 1255 1233 1295 ad
1273 1258 1508 1306 utrumque
1543 1256 1688 1295 locum

187 1318 435 1360 Piersonus.
464 1316 604 1357 Schol.
626 1315 682 1355 ad
699 1313 919 1355 Theocrit.
939 1313 1001 1354 xi.
1031 1325 1069 1353 v.
1090 1310 1158 1352 41.
1189 1309 1463 1353 ΜΑΝΝΟΣ
1496 1312 1534 1352 δέ
1556 1313 1651 1352 ἐστιν
1672 1314 1690 1352 ὅ

188 1375 483 1431 περιτραχήλιος
521 1374 674 1421 κόσμος.
717 1370 940 1425 SCHAEF]
1000 1368 1176 1410 Plurale
1212 1368 1452 1417 κοσμήματα
1491 1370 1689 1422 intellige

189 1434 238 1474 in
268 1433 320 1473 τοὶ
349 1432 518 1484 ἐντάφια,
545 1427 786 1486 funebria,·
816 1429 869 1469 de
899 1429 1023 1481 cujus
1051 1427 1171 1469 vocis
1203 1425 1360 1480 Ellipsi
1389 1428 1427 1468 si
1456 1428 1694 1480 cogitasset

191 1489 396 1532 Vulteius
427 1489 544 1542 apud
576 1486 798 1528 AElianum
832 1484 937 1527 Var.
974 1483 1092 1526 Hist.
1124 1485 1156 1525 i.
1195 1483 1260 1525 16.
1292 1496 1380 1525 non
1411 1485 1613 1526 vertisset
1640 1485 1693 1525 τοὶ

194 1548 349 1600 ἐντάφια
388 1545 657 1602 sepulturam.
738 1544 859 1599 [Non
898 1543 1041 1583 minus
1079 1543 1227 1595 inepte
1265 1541 1313 1583 in
1357 1539 1551 1583 Luciano
1592 1544 1626 1582 t.
1661 1541 1694 1583 i.

191 1618 238 1658 p.
260 1603 359 1646 367.
381 1604 432 1645 τὰ
451 1605 604 1656 ἐντάφια
623 1603 727 1644 olim
750 1601 981 1644 vertebant
997 1598 1230 1657 epitaphia.
1254 1611 1294 1640 v.
1314 1598 1496 1654 interpr.
1512 1599 1579 1641 ad.
1601 1598 1642 1639 h.
1664 1599 1694 1639 l.

195 1660 396 1702 Ceterum
427 1661 477 1701 τοὶ
510 1662 664 1713 ἐντάφια
696 1661 875 1701 omnino
904 1662 1006 1700 sunt
1047 1664 1077 1682 ‘⁶
1106 1657 1273 1699 vestes”
1301 1654 1555 1711 (Euripides
1593 1654 1697 1698 Hel.

200 1719 322 1760 1263.
354 1717 523 1772 Musgr.
553 1716 713 1759 θάπτειν
753 1719 787 1758 ἐν
817 1719 996 1758 «πέπλωνθ
1027 1714 1276 1770 ὑφάσμασιν.)
1317 1719 1347 1738 “
1370 1720 1410 1756 et
1430 1720 1604 1756 ornatus
1631 1726 1694 1755 se-

188 1775 442 1832 pulcrales.”
489 1774 674 1817 Dorvill.
701 1775 757 1817 ad
777 1774 1006 1816 Chariton.
1045 1786 1090 1827 p.
1110 1771 1209 1814 421.
1268 1770 1367 1826 Ipse
1390 1771 1617 1814 Chariton.
1646 1784 1694 1826 p.

199 1834 266 1882 13,
315 1832 376 1874 16.
409 1831 548 1873 ”Εστω
577 1832 640 1873 καὶ
669 1833 771 1876 αὑτὴ
801 1836 875 1873 τῶν
910 1831 1088 1884 ἐνταφίων
1122 1832 1246 1885 μέρος.
1279 1827 1405 1871 πολὺς
1437 1830 1507 1878 μὲν
1541 1827 1699 1884 ἄργυρος

195 1889 377 1939 ἐνταῦθα,
411 1888 535 1930 πολὺς
553 1889 590 1930 δὲ
610 1891 786 1945 χρυσόςθ.
838 1888 972 1930 Plene
1005 1887 1239 1941 Dionysius
1274 1885 1421 1928 Halic.
1440 1886 1545 1929 Ant.
1565 1886 1697 1928 Rom.

196 1951 228 1988 t.
263 1950 292 1988 i.
322 1961 366 2002 p.
396 1946 494 1988 380.
537 1950 614 1988 τοῖς
652 1948 835 2000 ἐνταφίοις
869 1948 1034 1994 κόσμοις.
1092 1944 1193 1987 Alio
1232 1957 1362 1987 sensu
1398 1946 1555 1997 ἐντάφια
1587 1943 1700 1985 dixit

198 2003 433 2060 Sophocles
452 2002 609 2046 Electr.
640 2018 682 2046 v.
704 2004 805 2048 326.
838 2005 993 2058 ἐντάφια
1024 2006 1150 2060 χεροῖν
1181 2001 1386 2058 Φέρουσαν,
1416 2000 1477 2043 οἶα
1496 2004 1575 2043 τοῖς
1592 2002 1700 2042 κάτω

244 2146 260 2167 ⁵3
283 2142 336 2175 Sic
352 2143 436 2175 bene
453 2143 610 2186 Scaliger,
636 2146 736 2178 tacite
755 2146 916 2188 probante

202 2186 370 2219 Dorvillio
394 2188 435 2218 ad
461 2188 630 2221 Chariton.
655 2201 689 2230 p.
706 2193 777 2221 354.
821 2190 916 2221 Conf.

203 2230 314 2271 Iphig.
338 2230 439 2262 Taur.
454 2241 487 2262 V.
516 2234 590 2263 313.
621 2232 740 2263 πέπλων
770 2245 802 2264 τε
831 2233 919 2277 πρού-

203 2272 356 2304 κάλυπτεν
372 2273 497 2308 εὐπήνους
515 2274 597 2314 ὑφάς.
620 2275 780 2307 SCHAEF.

245 2319 261 2342 9
284 2315 382 2353 Quod
406 2316 488 2347 ibid.
512 2328 544 2349 v.
570 2320 619 2348 13.
639 2318 771 2358 legitur,
791 2318 862 2352 ’ἔστη
891 2317 919 2349 δὲ

203 2357 320 2396 σύννους,
341 2359 494 2390 admonet
513 2370 567 2390 me
589 2361 728 2391 duorum
749 2362 919 2394 Plutarchi

204 2402 367 2439 locorum,
399 2402 520 2442 quibus
547 2403 579 2434 in
606 2409 791 2435 transcursu
818 2415 918 2445 opem

204 2445 319 2476 feram.
365 2445 436 2476 Vit.
450 2444 558 2475 Cicer.
574 2451 598 2476 t.
615 2445 658 2476 iv.
680 2457 710 2477 c.
728 2450 778 2477 38.
794 2458 829 2488 p.
845 2450 919 2479 821.

204 2488 258 2518 ed.
284 2484 402 2518 Reisk.
424 2486 563 2530 Καίσαρος
588 2486 614 2518 δὲ
643 2490 846 2531 κατορθοῦντος
879 2491 920 2522 τὰ

205 2532 345 2566 πλεῖστα,
383 2530 435 2560 καὶ
470 2530 571 2573 τξῦπον
610 2531 673 2561 τινὰ
712 2534 920 2575 πολιορκοῦντος

205 2573 319 2609 αὐτοὺς,
353 2572 469 2613 Λὲντλῳ
496 2573 547 2612 μὲν
576 2572 680 2604 ε’ἷπὸντι
712 2575 920 2611 πυνθάνεσθαι,

205 2615 342 2655 στυγνοὺς
366 2614 430 2646 εἶναι
456 2615 518 2650 τοὺς
551 2615 690 2659 Καίσαρος
713 2617 821 2656 φίλους,
848 2620 920 2649 ἁπε-

208 2658 332 2701 κρίνατο·
371 2658 468 2698 Atym
505 2658 607 2692 αὐτοὺς
639 2657 750 2690 δυσνοεῖν
788 2660 921 2703 Καίσαρι.

208 2701 258 2732 Ad
274 2701 344 2732 haec
360 2701 411 2733 vir
425 2701 578 2742 egregius
593 2701 626 2732 in
639 2701 755 2734 Select.
774 2703 921 2744 Princip.

207 2743 370 2775 Historic.
402 2754 435 2785 p.
466 2747 539 2776 435.
583 2746 606 2761 “
622 2744 923 2784 στυγνοὺς-δυσνοεῖν.

208 2787 317 2828 Hujus
332 2787 414 2818 dicti
437 2797 574 2818 acumen
590 2798 722 2828 prorsus
735 2788 926 2819 obliteravit

209 2840 309 2870 prava
324 2830 486 2870 scriptura
508 2841 584 2861 cum
609 2830 672 2861 hoc
696 2831 783 2868 loco,
805 2837 874 2862 tum
892 2831 924 2861 in

211 2872 558 2913 Apophthegmatibus
585 2883 619 2913 p.
645 2876 719 2905 205.
743 2875 785 2905 D.
801 2873 927 2914 Legen-

210 2916 287 2948 dum
311 2921 392 2959 puto
413 2914 682 2953 σύννους-συννοεῖν.
725 2916 841 2950 Latine
863 2926 927 2949 non

982 2145 1090 2178 ausim
1105 2146 1241 2177 reddere
1262 2155 1401 2178 acumen
1418 2144 1508 2186 quod
1520 2149 1569 2175 est
1583 2142 1617 2175 in
1631 2152 1703 2174 am-

982 2189 1147 2230 biguitate
1162 2189 1278 2220 harum
1292 2198 1432 2219 vocum:
1448 2186 1552 2220 σύννους
1565 2192 1614 2218 est
1629 2196 1702 2218 con-

982 2237 1082 2264 tracto
1096 2241 1136 2264 ac
1149 2234 1231 2264 tristi
1243 2231 1514 2272 coyitabundoque
1525 2230 1628 2267 vultu,
1654 2234 1704 2260 est

985 2275 1065 2306 item
1086 2284 1232 2306 concors:
1270 2276 1382 2304 συννοεῖν
1413 2278 1463 2304 est
1498 2271 1707 2304 consentire?

985 2318 1076 2349 Alter
1097 2318 1191 2349 locus
1211 2328 1232 2349 a
1247 2314 1505 2358 Wyttenbachio
1527 2315 1628 2346 modo
1655 2313 1707 2345 ci·-

983 2366 1071 2393 tatus
1092 2360 1195 2400 (Mor.
1209 2366 1234 2391 t.
1252 2359 1274 2391 i.
1298 2371 1333 2401 p.
1349 2358 1439 2397 816.)
1460 2358 1516 2390 hic
1538 2363 1608 2389 est:
1632 2357 1705 2400 Πςδς

986 2402 1013 2435 δὲ
1046 2404 1093 2434 τᾶν
1128 2402 1371 2444 ἀπαγγέλλοντα
1407 2401 1458 2433 τοῦ
1502 2400 1584 2441 [leg.
1622 2400 1703 2440 τοὺς]

986 2446 1126 2490 Καίσαρος
1155 2447 1252 2486 φίλους
1282 2444 1466 2488 σκυθρωποὺς
1493 2443 1568 2479 εἶναι,
1597 2443 1707 2483 Λίγεις,

984 2490 1048 2531 ἐ’φη,
1072 2488 1184 2521 δυσνοεῖν
1209 2488 1311 2524 αὐτοὺς
1335 2488 1433 2519 Kaſtra
1451 2502 1471 2518 1.
1493 2486 1554 2518 ubi
1578 2486 1708 2518 editor:

985 2533 1008 2550 ‘⁶
1025 2531 1148 2564 δυσνοεῖν.
1193 2534 1240 2564 Ita
1255 2538 1287 2564 et
1301 2532 1335 2564 in
1349 2532 1419 2564 Vit.
1464 2531 1506 2562 ic.
1529 2540 1564 2571 p.
1577 2531 1652 2560 880.
1665 2529 1706 2560 B.

987 2577 1155 2617 Xylander
1183 2575 1281 2607 vertit
1309 2586 1347 2606 ac
1378 2574 1406 2607 si
1436 2578 1577 2606 exstaret
1603 2572 1707 2602 εὐνοεῖν.

987 2620 1060 2651 Hoc
1076 2619 1209 2650 melius.
1254 2619 1325 2649 Nec
1339 2619 1449 2650 tamen
1468 2624 1607 2648 acumen
1628 2614 1711 2646 satis

987 2662 1160 2703 apparet.”
1204 2661 1352 2702 Utroque
1368 2662 1443 2692 loco
1459 2660 1591 2700 vulgata
1603 2657 1706 2695 lectio

988 2705 1116 2746 optime
1130 2705 1242 2736 habet.
1266 2704 1386 2736 Sensus
1405 2703 1455 2734 τοῦ
1472 2701 1708 2742 ἀποφθέγματος

989 2748 1046 2778 hic
1069 2754 1138 2780 est:
1163 2748 1186 2765 “
1203 2748 1334 2786 Narras,
1357 2747 1533 2782 Caesarem,
1553 2753 1637 2784 quos
1650 2753 1707 2775 an-

989 2796 1022 2821 te
1046 2791 1163 2822 habuit
1185 2790 1324 2828 amicos,
1355 2799 1440 2821 nunc
1470 2787 1627 2819 inimicos
1650 2786 1710 2817 ha·-

991 2833 1080 2864 bere.
1104 2834 1188 2864 Nam
1212 2833 1242 2864 si
1257 2833 1289 2863 ei
1303 2833 1490 2864 etiamnunc
1511 2829 1577 2861 εὖνοι
1591 2835 1712 2867 essent,

991 2885 1055 2906 non
1086 2881 1217 2916 possent
1245 2874 1471 2918 σκυθρωπάζειν,
1503 2871 1711 2917 κατοξθοὶῑντὸς

994 2931 1028 2959 ’γε
1045 2919 1083 2951 τὰ
1100 2918 1265 2952 ffatim-22⁹
1291 2918 1454 2952 SGHAEF.
1570 2922 1572 2925 '
