1838 3164
151 157 241 202 320
682 172 880 208 ELL1Ps1s
901 172 1140 209 NOMINUM.

151 277 198 317 in
230 273 361 316 Galb.
382 287 420 316 c.
439 287 512 317 xx.
544 273 664 322 Quid
691 274 842 331 agitis,
875 274 1195 326 commilitones,
1227 290 1309 334 ego
1337 283 1469 322 vester
1493 280 1606 331 som,
1633 288 1676 325 et

43 370 45 373 .
100 383 101 386 Ἴ
151 346 224 375 vos
241 331 341 375 mei.
400 331 634 375 Terentius
654 332 855 376 Eunuch.
879 334 976 376 Act.
998 335 1045 376 ii.
1065 333 1135 376 Sc.
1158 334 1202 377 ii.
1224 350 1264 378 v.
1288 335 1360 377 40.
1390 335 1590 382 Plurima
1608 355 1674 383 sa-

149 390 238 432 luta
264 386 572 433 Parmenonem
597 404 808 432 summum
828 404 954 433 suum
979 390 1167 448 impertit
1199 392 1379 437 Gnatho.
1409 409 1444 436 s.
1474 396 1671 440 amioum.

149 446 261 490 Item
282 449 327 489 in
345 447 555 491 Eusebius
575 447 814 505 Pamphili,
837 449 955 503 quod
987 463 1145 491 nomen
1167 449 1387 493 Eusebius
1418 460 1676 498 consecutus
1727 451 1736 462 ”

148 510 231 554 est,
252 507 359 559 quia
380 507 557 548 homine
587 508 708 548 nullo
737 508 836 560 plus
856 512 922 548 est
939 520 1058 557 usus,
1093 521 1226 561 quam
1249 508 1500 564 Pamphilo,
1529 510 1675 554 Eccle-

149 564 226 606 siae
243 562 526 606 Caesariensis
548 564 807 617 Presbytero
828 569 872 605 et
894 563 1103 619 Martyre.
1166 565 1296 609 Unde
1315 568 1428 610 falso
1449 570 1687 622 a'quibus-‘

148 623 249 663 dam
269 623 428 663 dicitur
448 621 665 664 Eusebius
686 621 960 677 Pamphilus.
983 636 1021 664 V.
1042 621 1230 666 Fabricii
1261 623 1374 667 Bibl.
1398 625 1476 668 Gr.
1508 629 1592 669 vol.
1615 629 1674 670 vi.

148 692 195 734 p.
215 678 285 722 30.
319 680 535 722 ScquB.

469 756 491 779 ³*
510 753 872 804 ΦΙΛΟΣΟΦΙΑ,
911 751 1358 799 PHILOSOPHIA.

202 825 252 870 In
289 828 551 878 Δογματικῆ,
580 827 884 877 Ἀκαδημαϊκὴ,
922 828 1140 878 Eum-mvi,
1178 830 1408 880 Ζητητικῆ,
1440 831 1674 887 Ἐφεκτικῆ,

140 884 404 942 Ἀπορητικῆ,
425 891 469 928 et
485 886 714 942 Πυρῥώνιος.
736 887 823 927 vid.
846 885 1007 928 Sextus
1034 886 1280 942 Empiricus
1303 890 1333 930 i.
1351 889 1395 931 2.
1424 888 1585 933 LmsN.

493 963 517 986 *
535 957 902 1008 ΦΙΛΟΣΟΦΟΙ,
926 958 1331 1003 PHILOSOPHI.

205 1032 257 1075 In
275 1033 466 1075 formula.
484 1035 515 1074 οἷ
538 1035 579 1073 ἐκ
600 1037 667 1074 τοῦ
698 1032 943 1087 Περιπάτου,
982 1036 1014 1074 οἳ
1047 1035 1123 1075 ἀπὸ
1156 1038 1227 1078 τῆς
1256 1035 1400 1085 Στοᾶς,
1435 1039 1553 1093 apud
1589 1037 1689 1091 Lu-¹

147 1092 340 1133 cianum.
372 1091 637 1132 SenoE'rTG.
1354 1095 1356 1097 ·

205 1150 232 1176 “*
262 1149 377 1189 Addi
398 1152 581 1203 possunt
602 1149 634 1187 οἶ
655 1146 731 1187 ἀπὸ
754 1147 932 1197 Λυκείου,
963 1151 995 1189 οἷ
1030 1149 1106 1189 οἷπό
1140 1151 1212 1193 τῆς
1245 1150 1513 1202 Ἀκαδημίας,
1545 1156 1577 1194 οἶ
1597 1154 1675 1196 ἀπὸ

148 1208 220 1250 τῆς
247 1206 434 1255 σκέψεως,
465 1207 497 1246 οἶ
523 1204 599 1245 ἀπὸ
620 1208 694 1245 τῶν
724 1205 872 1254 κήπων,
904 1208 936 1246 οἱ
964 1206 1040 1247 ἀπὸ
1074 1205 1304 1250 Πλάτωνος.
1342 1223 1380 1250 ν.
1402 1209 1675 1253 Themistius

147 1262 271 1306 Orat.
291 1264 432 1305 xxxii.
454 1277 498 1317 p.
515 1262 613 1305 358.
646 1260 850 1303 Clemens
885 1263 1122 1305 Alexandr.
1154 1263 1315 1308 Sti-om.
1334 1268 1412 1309 lib.
1440 1269 1486 1309 ii.
1509 1282 1553 1323 p.
1571 1260 1690 1312 384.

146 1320 259 1364 Item
281 1323 327 1364 in
345 1320 608 1376 Ἐπικούρειοι,
644 1318 823 1370 Eminet,
852 1319 1159 1369 Ἀκαδημαὶ’κοῗ,
1193 1322 1366 1372 Κυνικοὶ,
1404 1324 1676 1381 Περιπατητι.

148 1379 221 1429 κοῖ,
258 1378 526 1428 Δογματικοὶ,
556 1377 818 1425 Ἐκλεκτικοῖ,
853 1377 1076 1426 Σκεπτικοῖ,
1117 1380 1305 1433 aliisque
1338 1383 1435 1423 sub.
1482 1385 1673 1438 φιλόσοφοι

148 1437 288 1493 ἄνδρες.
349 1436 482 1478 Plene
522 1437 639 1490 apud
666 1433 875 1488 Empiric.
907 1434 1120 1490 Pyrrhon.
1158 1436 1375 1494 Hypotyp.
1407 1441 1485 1481 lib.
1508 1441 1538 1482 i·.
1569 1455 1608 1482 c.
1633 1455 1671 1482 v.

149 1497 167 1535 ὃ
187 1494 402 1550 Πυῤῥὼνιος
419 1495 629 1547 φιλόσοφος.
690 1492 840 1534 Actor.
862 1494 973 1534 xvii.'
998 1493 1063 1534 18.
1095 1492 1204 1536 Τινὲς
1239 1495 1278 1537 δὲ
1313 1501 1387 1538 τῶν
1405 1496 1673 1554 Ἐπικουρείων

147 1552 212 1592 καὶ
234 1556 308 1594 τῶν
330 1551 511 1593 Στωϊκῶν
531 1551 740 1603 φιλοσόφων
771 1553 1000 1598 συνέβαλλον
1030 1554 1151 1607 αὐτῷ.
1188 1552 1482 1608 [Phrynichus
1501 1568 1546 1609 p.
1578 1554 1671 1596 122.

149 1609 299 1651 PauW.
333 1614 407 1650 τῶν
440 1608 622 1650 Στωϊκῶν
656 1609 879 1661 φιλοσόφων.
913 1608 1135 1662 SCHAEF.]
1198 1608 1326 1652 Hanc
1367 1613 1541 1666 ellipsin
1575 1614 1674 1654 ubi-

146 1682 234 1722 que
264 1668 359 1708 fere
394 1668 557 1708 habent
585 1666 721 1706 etiam
752 1663 914 1706 Latini.
974 1665 1022 1707 Ε.
1044 1681 1086 1719 g.
1111 1665 1265 1709 Cicero
1294 1670 1348 1709 de
1379 1668 1503 1711 Offic.
1536 1671 1613 1711 lib.
1639 1671 1672 1712 i.

147 1740 185 1767 c.
213 1725 249 1766 l.
282 1723 368 1766 Sed
390 1728 530 1766 tamen
548 1729 693 1765 nostra
713 1722 841 1779 legeS‚
874 1737 960 1765 non
983 1723 1164 1765 multum
1193 1740 1220 1767 α
1251 1724 1560 1782 Peripateticis
1585 1727 1673 1769 dis-

146 1782 338 1824 sidentia
355 1798 369 1824 :
428 1780 603 1824 uoniam
630 1779 803 1836 utrique
833 1786 874 1822 et
899 1779 1106 1823 Socratici
1121 1789 1160 1824 et
1181 1782 1406 1827 Platonici
1436 1798 1523 1827 esse
1553 1785 1672 1827 volu-

146 1854 254 1882 mus.
277 1841 375 1882 sub.
438 1838 663 1896 lailosoplzz'.
696 1838 910 1880 SOHWEB.

206 1900 230 1925 *
252 1899 378 1953 Saepe
398 1897 746 1940 subaudiendum
778 1910 864 1938 non
900 1899 942 1938 in
980 1898 1232 1940 nominibus
1265 1901 1404 1942 solum
1433 1904 1670 1950 sectarum,

147 1961 197 1998 ut
217 1958 262 1998 in
280 1956 550 2012 Ἐπικούρειος,
572 1954 759 2001 Στωϊκὸς,
783 1954 1012 2003 Σκεπτικὸς,
1034 1960 1115 1996 etc.
1139 1959 1213 1998 sed
1232 1962 1277 1999 et
1298 1959 1343 1999 in
1363 1960 1463 2000 aliis
1489 1960 1671 2013 adjecti-

148 2016 230 2056 vis.
291 2014 366 2054 Sic
387 2014 432 2054 in
452 2015 593 2068 epigr.
616 2011 792 2054 Lucillii
816 2014 892 2054 lib.
915 2014 962 2054 ii.
986 2013 1122 2054 Anth.
1143 2014 1210 2055 52.

322 2069 430 2111 Εἶναι
445 2073 514 2119 μὲν
532 2069 694 2111 Κυνικόν
716 2089 770 2115 σε,
793 2070 1058 2124 Μενέστρατε,
1081 2071 1352 2124 κᾴνυπόδητον.

149 2131 194 2171 h.
227 2144 265 2172 e.
303 2142 390 2171 esse
424 2135 463 2170 te
502 2126 689 2184 quidem
722 2126 997 2175 Menestrate,
1039 2129 1353 2183 philosophum
1389 2129 1595 2187 Cynicum
1631 2137 1673 2173 et

150 2186 490 2229 discalceatum·
526 2186 764 2239 Alciphron
801 2186 876 2225 lib.
910 2187 942 2225 i.
964 2199 1032 2240 ep.
1057 2187 1096 2228 3.
1128 2200 1170 2240 p.
1198 2186 1262 2228 16.
1296 2186 1438 2232 ’ἤκουσά
1468 2205 1563 2230 τινος
1597 2192 1671 2230 τῶν

151 2246 185 2286 ἐν
207 2250 258 2300 τῇ
279 2247 441 2300 ποικίλῃ
463 2244 725 2298 διατριβόντων
745 2243 987 2286 ἀνυποδήτων
1008 2243 1071 2283 καὶ
1099 2245 1356 2300 ἐνεροχρώτων
1377 2245 1458 2298 (Sic
1476 2248 1594 2286 enim
1610 2246 1670 2286 le-

148 2304 337 2356 gendum
358 2315 438 2357 pro
459 2303 725 2356 ἐνερόχρωτος)
755 2300 937 2353 στιχίδιον
967 2299 1321 2353 οἷποφθενγνγομένου.
1353 2302 1466 2343 Add.
1499 2303 1575 2343 lib.
1602 2303 1669 2343 iii.

149 2374 218 2415 ep.
247 2361 311 2401 14.
343 2364 388 2402 et
420 2360 538 2401 conf.
562 2360 737 2400 Lucian.
775 2359 820 2399 in
855 2356 1093 2399 Icaromen.
1124 2372 1166 2413 p.
1196 2357 1289 2400 189.
1325 2360 1374 2400 et'
1400 2361 1446 2400 in
1479 2357 1671 2413 Fugitiv.

148 2431 193 2471 p.
218 2416 316 2459 603.
346 2431 442 2470 quae
462 2418 557 2459 loca
576 2417 786 2458 indicavit
817 2416 861 2456 b.
885 2414 1094 2457 Elsnerus
1122 2416 1377 2458 schediasm.
1414 2418 1513 2469 crit.
1535 2430 1578 2472 p.
1599 2416 1673 2459 32.

149 2474 200 2516 F.
225 2474 302 2516 ST.
365 2473 416 2516 In
437 2473 704 2529 Alciphrone
724 2472 970 2527 Wagnerus
1001 2479 1118 2515 recte
1148 2475 1294 2516 dedit:
1339 2473 1578 2518 ἁνυποδήτου
1607 2474 1674 2516 καὶ

151 2534 415 2589 ἐνερόχρωτος.
455 2532 661 2573 SCHAEF.

496 2607 519 2630 *
548 2605 794 2656 ΦΟΡΤΙΑ,
832 2604 1053 2655 ONERA,
1085 2604 1346 2648 MERGES.

159 2718 165 2725 .
207 2679 257 2722 In
298 2682 498 2730 ἀγώγιμα,
532 2680 600 2728 τοὶ,
633 2680 745 2732 quod
775 2685 842 2721 est
879 2692 961 2721 sua
990 2683 1146 2721 natura
1181 2679 1463 2732 adjectivum,
1493 2690 1546 2718 ac
1577 2676 1671 2730 ple-

149 2752 335 2793 rumque
372 2741 539 2780 ἐλλιπῶς
559 2751 585 2779 a
614 2739 901 2791 scriptoribus
932 2742 1181 2791 usurpatur.
1241 2735 1291 2777 E.
1328 2750 1370 2789 g.
1402 2733 1672 2776 Themistius

151 2794 275 2838 Orat.
298 2798 425 2838 xxiii.
462 2810 506 2851 p.
527 2795 627 2837 298.
654 2795 702 2836 Β.
722 2794 910 2843 ’Ἱ-ΙὙαὙον
944 2795 977 2834 δ’
1008 2794 1066 2836 οὖν
1095 2798 1224 2835 αὐτοῖς
1255 2796 1308 2834 τοὶ
1330 2796 1528 2842 ἀγώγιμα.
1589 2789 1669 2831 Ju-

152 2854 296 2896 lianus
326 2853 470 2907 Epist.
494 2856 608 2895 xxiv.
640 2867 685 2908 p.
716 2851 809 2894 193.
844 2851 911 2893 Tei
948 2851 987 2902 ἐξ
1019 2851 1149 2893 Ἰνδῶν
1178 2853 1374 2900 ἀγώγιμα.
1434 2849 1598 2890 Addita
1629 2861 1669 2890 v.

150 2915 286 2968 φορτία
308 2914 522 2966 reperitur
552 2912 670 2967 apud
702 2909 967 2952 Pausaniam
1002 2910 1075 2951 lib.
1099 2910 1164 2951 iii.
1197 2924 1233 2951 c.
1260 2908 1324 2949 12.
1359 2907 1528 2963 <Pop-rim
1559 2906 1687 2959 φασὶν7

145 2968 386 3013 “Ελλἠνικῶν
416 2968 503 3011 τοὺς
534 2967 678 3011 Ἰνδοὺς
712 2971 897 3019 ἀγώγιμοι
927 2966 1037 3008 ἄλλα
1067 2964 1416 3008 ἀνταλλάσσεσθαι.
1448 2964 1669 3006 SCHWEB.
