1838 3164
681 138 1146 170 nummos-umorem.
1613 118 1678 164 ,59
1690 138 1692 140 ’

170 252 224 285 ea
239 239 419 285 nomina
437 235 730 282 referendum,
750 248 850 288 quae
868 235 1064 290 triplices
1087 236 1252 277 habent
1274 237 1395 278 fines.
1453 234 1679 279 Invenitur

170 298 286 341 enim
318 295 607 343 masculinum
641 305 779 347 genus
814 298 859 336 et
893 297 1096 334 neutrum
1126 293 1243 347 apud
1283 293 1567 347 Apollonium
1599 294 1678 336 Ar-

147 364 152 369 '
170 369 270 408 gon.
291 356 321 397 i.
342 357 459 410 χῆρον
477 354 610 405 λέχος.
671 348 765 407 [Sic
785 352 892 407 χήρη
907 351 991 393 εὐνὴ
1007 351 1240 393 Marcellus
1261 350 1410 392 Dedic.
1434 349 1548 392 Stat.
1565 349 1678 406 Reg.

169 427 210 454 v.
235 412 300 454 12.
333 413 532 455 Somne.
557 428 561 431 ⁴

228 469 462 512 Omittitur
481 411 653 520 quinne
684 466 741 507 ab
759 464 948 508 Isocrate
967 464 1024 506 ad
1054 465 1152 507 Nic.
1186 466 1231 506 in
1251 464 1479 518 adjectivis
1511 481 1677 507 ταπεινο-

170 528 280 583 τέρας
299 531 343 570 et
362 527 596 581 σεμνοτέρας.
656 522 758 564 Οὐδ’
786 522 1011 579 ᾠήθηνΐδεῖν
1031 521 1116 563 τοὺς
1136 524 1205 571 μὲν
1238 523 1315 575 (Sc.
1336 522 1500 576 παῖδας)
1534 524 1580 563 ἐκ
1608 540 1678 564 τα-

170 587 382 640 πεινοτέρας
398 587 471 624 τῶν
490 582 653 629 παίδων,
675 581 761 622 τὀὺς
782 581 820 622 δὲ
841 582 882 621 ἐκ
903 583 1140 635 σεμνοτέρας,
1161 581 1316 634 supple
1336 581 1523 628 γυναικός.
1596 598 1601 602 ·

226 640 277 684 In
304 642 442 692 «γαμεῖν
474 640 596 682 deest
629 644 810 692 quartus
849 649 976 681 casus
1001 642 1176 686 «γυναῖκα.
1209 637 1374 679 Matth.
1395 637 1511 678 xxiv.
1541 637 1612 679 38.
1634 642 1679 681 et

166 699 294 744 alias.
351 699 540 750 Additur
560 710 717 738 nomen
734 695 838 737 Luc.
859 697 947 737 xiv.
968 694 1038 737 20.
1072 692 1245 737 Γυναῖκα
1264 696 1410 745 ἔγημα.
1444 693 1630 737 Bmmn.

169 798 174 800 ⁷
228 757 252 781 ³*
295 754 346 802 In
385 757 502 806 ἄγειν,
537 755 713 808 quando
760 755 960 795 absolu-te
993 754 1190 807 ponitur,
1228 766 1265 794 s.
1302 755 1493 802 ‹yvvoeTnoez
1526 766 1680 806 quam-

170 827 303 869 quam
329 816 459 869 plena.
487 814 650 855 locutio
681 816 749 854 est
778 811 878 861 ἄγειν
898 815 1060 860 ’γυναῖκα
1090 813 1140 852 εἷς
1156 809 1263 852 οἶκον.
1294 809 1349 852 V.
1370 808 1480 851 οἶκος.
1538 808 1588 852 In
1607 818 1682 866 μιᾷ

169 875 353 926 στοιχεῖν,
369 885 457 914 una
477 870 545 912 uti
573 884 715 913 uoeore.
775 869 829 912 V.
860 871 914 911 cl.
947 868 1257 911 Hemsterhuis
1286 868 1340 909 ad
1367 867 1680 922 Aristophanis

170 928 287 972 Plut.
319 943 364 984 p.
395 929 493 971 262.
552 927 602 970 In
634 930 750 982 ἔχειν.
810 927 1031 970 Homerus
1066 925 1118 967 Il.
1147 925 1201 968 O.
1221 940 1262 968 v.
1283 925 1382 968 335.
1441 924 1493 967 In
1513 924 1682 969 θηλύτε-

168 1005 242 1043 ραι.
276 987 436 1029 -ῬΙεῃθ
467 986 686 1028 Homerus
707 984 792 1028 Od.
830 986 882 1027 A.
913 983 1090 1033 v.5385.
1148 982 1200 1026 In
1233 984 1323 1026 illis
1358 983 1682 1039 Aristophanis,

166 1043 527 1101 Ἐκκλησιάζουσαι,
559 1043 950 1101 Θεσμοφοριάζουσαι,
979 1048 1063 1085 cet.
1092 1046 1138 1084 et
1168 1043 1411 1084 innumeris
1437 1043 1551 1083 aliiS.
1610 1041 1683 1084 Sic

170 1100 320 1144 Latini
340 1115 514 1156 quoque
539 1103 650 1143 hanc
669 1114 817 1143 vocem
838 1114 953 1154 saepe
974 1101 1138 1142 habent
1168 1113 1464 1155 suppressam.
1510 1099 1682 1142 Plinius

170 1159 247 1200 lib.
270 1159 315 1201 ii.
337 1172 407 1213 ep.
430 1159 499 1202 20.
539 1158 727 1201 Verania
750 1157 937 1201 Pisoni&
959 1171 994 1200 s.
1015 1171 1138 1200 ἰι-κον.
1167 1156 1382 1210 Virgilius
1402 1155 1501 1198 AEn.
1519 1157 1594 1199 lib.
1615 1158 1681 1199 iii.

169 1229 211 1257 v,
230 1215 329 1258 319.
360 1215 560 1259 Hectoris
585 1216 890 1260 Andromache.
923 1215 1030 1257 Item
1051 1217 1096 1257 in
1125 1214 1277 1257 ducere
1295 1220 1339 1256 et
1358 1213 1521 1266 habere,
1560 1214 1682 1256 Grae-

167 1286 220 1315 co
236 1286 372 1315 more.
433 1275 620 1316 Ovidius
652 1272 834 1315 Metam.
857 1275 933 1314 lib.
956 1274 1015 1314 ix.
1036 1271 1139 1322 496,
1167 1271 1268 1314 497.
1326 1270 1393 1313 Di
1406 1271 1586 1314 melius!
1616 1268 1684 1314 Di

166 1342 318 1388 mpe
335 1343 434 1373 suas
451 1329 634 1373 habuere
660 1343 830 1373 sorores.
858 1364 862 1369 .
891 1328 965 1372 Sic
986 1328 1200 1372 Saturnus
1231 1328 1359 1386 Opim
1368 1328 1569 1386 sanctam
1596 1328 1685 1372 sibi

165 1387 381 1444 sanguine
410 1387 550 1431 duxit.
608 1388 823 1439 Scnwsss.
883 1387 950 1430 De
979 1386 1150 1429 Latinis
1180 1386 1406 1429 Stoschius
1436 1387 1493 1428 ad
1512 1385 1684 1430 Elsneri

166 1444 466 1493 Commentar.
486 1448 531 1489 in
551 1445 717 1500 Evang.
734 1444 896 1488 Matth.
916 1447 947 1488 i.
963 1459 1007 1500 p.
1034 1445 1301 1488 12.·conferri
1313 1445 1442 1499 jubet
1458 1442 1685 1487 Reitzium

166 1503 344 1558 Ambig.
363 1517 408 1560 p.
429 1503 528 1546 387.
558 1508 602 1547 et
630 1504 856 1560 Supplem.
877 1517 920 1560 p.
942 1502 1013 1545 77.
1045 1502 1259 1546 Pitiscum
1290 1503 1346 1545 ad
1381 1501 1562 1545 Sueton.
1590 1500 1683 1546 Jul.

165 1573 264 1618 cap.
279 1561 350 1605 50.
380 1561 581 1606 SanEr.

170 1651 173 1653 -
650 1617 870 1668 ΓΩΝΙΑ,
901 1617 1197 1663 ANGULUS.

168 1708 171 1710 v
222 1675 274 1720 In
294 1676 423 1724 εὐθεῖα
439 1679 506 1721 vel
527 1676 623 1734 ὀρθὴ
642 1678 877 1732 aliquando
893 1680 1028 1720 etiam
1063 1678 1285 1720 omittitur
1319 1677 1453 1727 γωνία,
1485 1674 1683 1733 angulus,

167 1732 332 1778 Locum
348 1750 402 1778 ex
417 1736 596 1791 Polybio
615 1737 723 1777 citat
745 1735 932 1779 Budaeus
952 1749 996 1792 p.
1017 1734 1141 1779 1227.

169 1849 200 1893 S
228 1795 252 1819 *
281 1792 487 1847 Polybius
518 1795 596 1836 lib.
631 1794 688 1835 ix.
718 1792 781 1836 19.
811 1792 901 1835 Τῶν
934 1795 1031 1851 πρὸς
1061 1792 1178 1849 ὀρθὰς
1201 1794 1434 1847 ἐφεστώτων.
1463 1806 1499 1834 s.
1532 1792 1683 1841 γωνίας.

204 1864 384 1894 cnwss.

898 2010 961 2052 Δ.

357 2189 363 2195 ,
418 2136 443 2163 *
473 2121 823 2190 AAIMONlA.
855 2130 1439 2187 NUMJNA‚SP1RJTUS.

226 2212 372 2257 Actor.
392 2216 496 2257 xvii.
516 2215 587 2257 20.
631 2217 836 2274 Ξενίζοντα
855 2219 929 2274 *γάρ
951 2234 1034 2258 τινα
1067 2218 1239 2271 εἰσφέρεις
1267 2217 1318 2256 εἷς
1337 2215 1408 2257 ταὶς
1425 2213 1541 2255 dunois
1559 2213 1681 2262 ἡμῶν.

169 2272 338 2317 ΑᾱἸιοο
358 2273 635 2327 adjectivum,
655 2276 723 2316 vel
742 2276 1027 2330 participium
1056 2275 1220 2329 potius,
1240 2272 1446 2329 ξενίζοντα,
1478 2271 1579 2312 addi
1610 2271 1683 2312 de-

168 2328 272 2372 bere
292 2330 613 2378 substantivum
642 2331 828 2382 δαιμόνια,
860 2337 954 2387 tum
975 2347 1015 2375 v.
1054 2332 1118 2374 18.
1148 2332 1289 2380 docet,
1320 2331 1396 2372 ubi
1426 2328 1588 2372 Paulus
1623 2327 1682 2378 2⁵¹·

169 2403 236 2428 νων
268 2387 405 2442 (quod
450 2401 550 2430 cum
585 2388 794 2447 ξενιζόντων
819 2405 955 2432 unum
980 2391 1254 2443 eundemque
1300 2389 1432 2431 habet
1468 2387 1683 2441 significa-

171 2445 287 2500 tum)
321 2445 512 2495 δαιμονίων
540 2446 805 2497 καταγγελεὺς
829 2446 918 2490 εἶναι
953 2449 1137 2489 dicitur:
1170 2452 1265 2489 tum
1297 2459 1351 2488 ΘΧ
1380 2444 1544 2487 AEliani
1576 2442 1682 2486 Var.

171 2499 343 2544 Hister.
363 2504 440 2545 lib.
474 2505 522 2545 ii.
553 2518 648 2559 cap.
685 2505 749 2547 13.
779 2507 1040 2559 colligimus,
1072 2507 1237 2560 quippe
1259 2505 1313 2546 de
1334 2502 1682 2545 Atheniensibus

170 2559 431 2616 quibusdam
464 2568 712 2616 suspectum
740 2563 915 2605 reddere
945 2563 1166 2605 Socratem
1199 2562 1502 2605 laborantibus
1529 2563 1681 2601 narrat

171 2615 404 2660 historicus
436 2619 464 2659 l.
486 2620 528 2660 d.
558 2620 657 2661 illos
686 2621 802 2662 inter
833 2621 937 2670 alia,
970 2622 1129 2674 quibus
1146 2620 1375 2663 Socratem
1403 2618 1680 2673 premebant,

169 2675 356 2717 crimina
380 2679 426 2717 et
457 2677 536 2719 hoc
565 2678 811 2726 adduxisse,
843 2679 960 2732 quod
989 2693 1048 2721 sc.
1086 2681 1210 2727 εἰσῆγε
1241 2677 1362 2728 ξένους
1401 2675 1580 2720 δαίμονας
1618 2674 1682 2715 καὶ

166 2734 236 2772 ὀὐκ
254 2732 333 2789 ᾔδει
363 2732 487 2781 θεοὺς,
514 2737 674 2786 grande
702 2737 840 2778 scelus
872 2737 1186 2783 existimantes,
1215 2748 1350 2777 novos
1379 2735 1577 2776 inducere
1604 2735 1682 2773 aut

127 2806 129 2808 ·
163 2792 444 2832 annunciare
475 2791 590 2833 Deos
619 2798 776 2848 praeter
800 2794 894 2847 jam
923 2800 1130 2849 receptos.
1197 2794 1415 2836 Accurate
1442 2791 1560 2833 enim
1594 2794 1680 2831 tra-

168 2847 265 2896 dito
297 2862 324 2891 a
348 2851 584 2904 majoribus
613 2852 752 2905 cultui
777 2851 1036 2895 insistebant
1053 2851 1355 2899 Athenienses,
1382 2850 1499 2903 quod
1527 2860 1581 2890 ex
1610 2859 1681 2888 eo-

172 2905 268 2947 dem
289 2905 480 2951 Socratis
501 2908 699 2964 exemplo
714 2909 858 2954 videre
888 2910 1006 2960 licet,
1026 2911 1282 2969 cuiquippe
1302 2910 1394 2953 haec
1412 2908 1469 2951 ab
1491 2905 1679 2961 Areopa-
