1838 3164
485 140 807 182 PLEONASMI
834 140 1080 182 PLURIUM
1106 140 1313 182 VOCUM.
1599 134 1677 178 135

203 341 439 402 Sophocles
459 344 505 386 in
527 343 712 388 Philoni..
737 345 835 387 664.
855 343 947 402 'Ap‘
983 344 1081 387 ἐστὶν
1117 345 1212 386 ὥστε
1249 342 1444 398 κᾷγγύῧεν
1475 340 1567 384 Siai
1590 350 1662 384 λα·

146 397 257 458 βεῖνῇἳ
286 398 353 443 Ex
388 401 456 443 his
493 403 529 450 si
559 404 790 445 sustuleris
821 404 934 451 ὥστε,
966 416 1095 445 nemo
1122 403 1365 458 quidquam
1396 399 1665 443 desiderabit

146 459 299 514 puerei·
337 471 542 505 numeros
584 463 629 502 et
659 461 963 516 integritatem
997 474 1171 506 versus:
1214 474 1368 505 sensus
1397 459 1482 503 erit
1515 457 1661 502 idem:

144 508 216 555 A'n
228 508 330 566 licet
346 516 475 558 etiam
493 531 517 558 e
527 517 769 575 propinquo
789 517 1038 575 adspicere?
1067 514 1156 561 Sed
1173 518 1366 560 breviter
1397 517 1461 560 sic
1480 515 1660 562 dicitur,

144 575 253 632 βίης
274 567 368 628 'Ap'
405 574 505 615 ἐστὶν
524 574 643 616 οὕτως
672 577 762 629 ’έχον
793 576 838 616 τὸ
870 578 1059 632 πρᾶγμα,
1088 577 1187 618 ὥστε
1220 579 1305 617 etc.
1337 574 1430 617 sive
1464 571 1556 630 'Ae‘
1579 571 1662 615 ἐστὶ

145 622 292 672 madro
312 629 358 672 τὸ
372 647 406 672 π
430 661 460 679 .,
489 632 588 673 ὥστε
617 636 698 674 etc.
759 629 817 675 Et
832 638 899 676 est
918 634 1157 690 prudenter
1175 637 1221 679 et
1243 633 1440 675 modeste
1472 630 1660 674 interro-

150 691 155 694 '
200 684 307 731 ntis.
412 701 482 731 am
507 690 743 743 significat,
775 692 965 735 alterum
999 705 1089 735 non
1121 695 1305 748 propter
1328 689 1560 733 fastidium
1580 690 1660 730 aut

168 752 170 754 ’
214 743 440 794 alentiam,
459 748 566 800 quia
586 749 649 790 sic
669 750 812 791 visum
833 754 916 798 est,
936 750 1169 804 denegare,
1188 749 1267 792 sed
1277 749 1412 805 justis
1427 747 1480 793 de
1495 745 1658 791 causis.

143 793 175 849 S
196 802 315 844 milis
334 807 402 846 est
418 805 563 850 forma
577 806 781 862 loquendi
801 820 898 864 cap.
920 821 1009 862 seq.
1032 809 1149 852 Sect.
1168 807 1212 853 3.

333 1121 770 1173 PLEONASMI
803 1125 1162 1176 PLURIUM
1189 1124 1480 1176 VOCUM.

828 1268 990 1278 —

714 1364 1109 1409 PRAEMONITA.

145 1465 377 1529 HUJUS
397 1487 572 1542 generis
589 1489 853 1543 pleonasmi‚
879 1490 956 1543 qui
991 1490 1154 1546 saepius
1186 1491 1434 1542 occurrant,
1463 1490 1665 1546 propter·

139 1550 281 1599 eaque
309 1545 367 1587 ad
400 1551 543 1587 certas
580 1547 795 1589 formulas
831 1549 1026 1591 revocari
1058 1549 1249 1602 possint,
1281 1561 1369 1590 non
1407 1546 1535 1590 multi
1573 1550 1661 1590 sta-

138 1604 342 1654 tuuntur,
370 1614 517 1656 neque
549 1605 686 1646 statui
707 1611 909 1659 possunt.
972 1604 1090 1647 Nam
1110 1619 1249 1659 usque
1268 1619 1322 1647 eo
1351 1617 1530 1647 sensum
1548 1603 1664 1646 cor'n-

139 1666 319 1703 inunem
339 1673 466 1702 nemo
498 1674 690 1715 unquam
720 1663 861 1710 exuit,
892 1666 942 1704 ut
958 1667 1076 1704 totas
1096 1664 1340 1704 sententias
1370 1662 1466 1704 sine
1487 1665 1662 1708 senten·

139 1717 206 1758 tia
227 1717 333 1760 olim
351 1719 548 1773 prolatas
568 1731 663 1760 esse
692 1720 916 1762 crederet:
951 1724 996 1762 et
1035 1721 1082 1762 in
1110 1721 1309 1775 pluribus
1342 1720 1488 1762 verbis
1519 1731 1660 1761 unum

139 1778 259 1818 certe
287 1775 531 1818 alterumve
564 1789 711 1828 ansa3,
746 1781 797 1819 ut
817 1778 882 1819 ita
901 1778 1063 1825 dicam,
1094 1779 1262 1833 praebet
1281 1790 1452 1826 sensus,
1483 1777 1561 1832 qui
1592 1790 1662 1818 ce-

138 1831 247 1876 teris
267 1834 411 1876 inesse
429 1834 575 1883 debet,
596 1835 961 1889 deprehendendi.
1020 1833 1320 1878 Veruntamen
1339 1835 1548 1888 quoniam
1567 1848 1660 1878 non

137 1890 267 1933 modo
288 1903 467 1933 sensum
499 1892 774 1947 singulorum
808 1893 1028 1935 dictorum
1062 1907 1272 1946 quaerere,
1305 1894 1381 1935 sed
1401 1893 1539 1935 etiam
1558 1893 1660 1934 reli-

138 1953 273 2003 quam
291 1951 381 1991 vim
400 1962 575 1992 omnem
609 1954 654 1992 et
679 1955 954 1999 ornamenta,
984 1952 1144 2004 quibus
1178 1952 1256 1992 illa
1288 1954 1431 1996 totam
1463 1950 1658 2006 speciem

135 2003 350 2048 erationis
379 2008 676 2062 distinguunt,
724 2010 1074 2052 animadvertere
1114 2009 1349 2050 debemus:
1392 2009 1539 2064 primo
1584 2008 1657 2050 hic

138 2065 374 2106 tenendum
403 2069 484 2115 est,
514 2067 630 2123 apud
661 2066 762 2108 illos
791 2068 1038 2122 Scriptores,
1068 2081 1093 2108 e
1126 2067 1287 2121 quibus
1314 2079 1395 2121 per
1422 2069 1565 2110 totum
1604 2065 1660 2107 li-

137 2122 267 2166 brum
305 2124 509 2178 exempla
539 2125 893 2179 pleonasmorum
926 2126 1179 2175 sumsimus»,
1224 2137 1280 2169 ne
1314 2125 1443 2179 plura
1476 2123 1657 2177 quidem

136 2180 272 2222 verba
291 2180 497 2239 deinceps
534 2183 700 2236 scripta
734 2183 795 2224 sic
830 2183 1073 2231 abundare,
1105 2183 1215 2224 nihil
1245 2185 1296 2223 ut
1323 2182 1379 2223 ad
1408 2181 1656 2228 docendum

137 2242 216 2280 aut
247 2240 506 2281 movendum
541 2240 750 2281 lectorem
780 2241 1026 2282 conferant.
1086 2239 1205 2281 Nam
1237 2240 1450 2281 hactenus
1483 2239 1539 2283 de
1568 2240 1656 2283 sin-

136 2296 255 2356 gulis
274 2297 419 2341 'verbis
437 2302 618 2351 agentes
647 2297 694 2339 in
729 2310 782 2339 eo
801 2299 992 2340 maxime
1010 2297 1351 2345 elaboravimus,
1381 2300 1432 2340 ut
1464 2309 1546 2338 sua
1563 2296 1655 2340 cui-

135 2365 223 2407 que
242 2353 503 2409 significatio
525 2355 579 2397 ad
601 2368 778 2397 sensum
804 2361 970 2398 certum
1003 2355 1271 2397 efferendum
1301 2357 1551 2397 constaret:
1585 2354 1659 2398 hic

137 2415 302 2470 praeter
326 2425 521 2460 sensum,
554 2426 686 2467 quem
716 2415 812 2467 quis
842 2415 973 2455 facile
1003 2414 1172 2468 capiat,
1203 2415 1293 2455 vim
1319 2413 1458 2457 etiam
1477 2411 1657 2460 aestheti-

136 2479 270 2525 σιινη,Δ
307 2479 409 2511 uam
442 2471 611 2512 nullam
628 2484 721 2514 esse
750 2476 894 2527 putet,
925 2475 1182 2527 spectamus.
1242 2469 1598 2526 Reprehenditur
1627 2483 1657 2512 a

137 2524 294 2574 Quinti
314 2527 418 2568 iano
436 2527 530 2568 viii.
548 2526 592 2577 3,
613 2528 685 2570 53.
709 2533 753 2570 et
772 2542 800 2570 a
825 2528 1039 2570 Diomede
1055 2528 1357 2570 Grammatico
1376 2526 1426 2569 L.
1452 2529 1498 2569 ii.
1534 2527 1655 2569 aliis-
1696 2528 1701 2529 ⁷

136 2596 224 2637 que
257 2582 365 2626 illud
402 2583 658 2628 Livianum:
704 2584 881 2642 Legati,
916 2600 1003 2628 non
1035 2585 1265 2643 impetrata
1279 2599 1403 2642 pace,
1432 2584 1541 2628 retr‘o
1578 2584 1653 2628 do-

136 2647 269 2691 mum,
290 2642 404 2684 unde
424 2650 640 2696 venerant,
679 2642 890 2686 abierunt.
951 2642 1150 2686 Breviter
1170 2643 1474 2693 Quintilianus
1506 2661 1653 2698 μακρο-

136 2702 271 2749 λογίαν
302 2701 446 2742 inesse
475 2701 606 2745 dicit:
638 2702 845 2756 pluribus
882 2701 1116 2747 Diomedes
1152 2702 1263 2744 illud
1292 2701 1540 2756 vituperat:
1576 2701 1652 2742 sed

136 2759 277 2799 multo
297 2759 430 2799 etiam
447 2759 647 2813 pluribus
680 2759 827 2800 verbis
858 2763 1082 2815 stuporem
1104 2773 1231 2802 suum
1256 2760 1418 2806 exserit
1453 2757 1651 2800 Buehne-

135 2818 211 2857 rus
231 2815 284 2857 de
301 2821 557 2858 commutata
573 2821 655 2858 rat.
680 2815 855 2858 dicendi
874 2818 1008 2867 1ib„i.
1031 2831 1071 2858 c.
1093 2817 1166 2870 31.
1225 2815 1328 2859 Jam
1357 2818 1500 2871 ipsum
1532 2813 1651 2857 Livii

152 2876 294 2915 ‘omen
317 2874 395 2916 hos
426 2887 599 2915 movere
613 2875 819 2925 debebat,
837 2879 888 2917 ut
902 2877 1151 2948 ,verecunde
1171 2878 1217 2917 et
1243 2888 1345 2924 cum
1375 2874 1651 2915 dubitatione

135 2931 300 2993 aliquid
339 2934 386 2974 in
432 2933 527 2994 ejus
572 2933 718 2975 verbis
762 2920 1076 2994 requireient.³
1122 2931 1347 2977 Nimirum
1386 2935 1464 2974 aut
1514 2931 1650 2986 legat-i
