1838 3164
593 134 939 180 *PmonAsm
965 134 1290 194 vnRBomm.
1630 97 1686 174 59

172 245 289 295 Plat.
312 249 456 295 Phaed.
477 263 525 307 p.
548 250 664 295 137..
684 253 727 292 ’έί
748 252 863 306 ὁρῶν,
877 246 1083 304 Xenoph.
1107 246 1247 291 Conv.
1267 248 1326 290 iv.
1356 247 1427 291 51.
1471 246 1523 290 ’τίΔ
1544 246 1687 293 πειθὼ

171 304 242 360 (ιν.Δ
255 308 375 380 infra
391 309 807 373 wwwhetafiaq
1069 331 1073 336 -

176 396 203 408 -2
301 388 344 411 β»
362 386 399 393 ”
581 385 586 388 ·
614 387 619 400 ²
676 405 706 450 4
736 383 1159 447 'PIPNESQAI.“‘

228 469 323 515 Etsi
342 473 523 516 ἀδύνατον
540 485 620 528 per
640 485 687 513 se
707 474 777 513 est
805 469 856 512 id
877 469 992 526 quod
1017 482 1102 512 non.
1124 473 1267 524 potest
1285 467 1407 524 fieri,
1434 472 1585 512 tamen
1605 471 1686 512 ali-

169 530 345 582 quando
364 532 548 573 verbum
566 549 610 580 ey.
632 529 827 577 additur,
847 533 898 569 ut
927 529 975 569 in
994 540 1057 570 or.
1091 525 1313 569 AEschinis
1350 542 1388 569 c.
1419 525 1616 582 Ctesiph.
1647 542 1688 570 c.

170 586 215 629 8.
241 593 354 632 em.
412 587 537 631 Dicit
554 590 645 636 ille,
677 586 1008 640 Ctesiphontem
1039 588 1086 628 et
1107 583 1463 627 ‚Demosthenem
1486 587 1555 628 ita.
1586 598 1687 629 cau-

170 657 274 704 sain
299 658 437 698 suam
456 651 631 691 acturos
661 658 772 692 esse,
796 649 848 686 ut
881 644 1048 692 dicant,
1077 641 1184 690 duas
1212 653 1308 689 esse
1337 642 1526 685 Athenis
1566 644 1687 699 leges

173 697 184 711 ⁶
228 746 245 757 .,
303 717 349 750 fle
379 709 646 759 pugnantes,
672 717 698 744 e
726 715 912 756 quarum
940 714 1030 745 una
1061 701 1233 755 rogatio
1272 695 1578 757 Ctesiphontis
1611 714 1688 744 va·

180 814 184 818 Ι
263 752 460 817 debeat.
521 761 619 804 Hoc
647 761 700 802 de
731 761 898 802 duabus
930 759 1101 817 legibus
1133 760 1365 802 contrariis
1395 759 1562 806 refutat
1589 757 1688 805 AEs-

166 811 336 873 ehines,
361 824 407 862 et
431 821 574 868 docet,
605 820 768 862 falsum
798 831 912 866 esse,
951 829 1216 873 prorsusque
1278 830 1445 871 ugnare
1478 830 1581 859 cum
1617 819 1685 860 in·

169 876 340 930 stitutis
372 877 728 920 Atheniensium.
804 875 1034 918 Postremo
1066 876 1204 930 igitur
1279 879 1416 931 ανξρῶς
1453 874 1592 926 δήπου,
1619 875 1688 916 in-

166 934 281 985 quit,
311 933 600 989 ἐξελέγχονται,
631 939 674 977 ὸῦ
705 936 815 984 μόνον
846 932 974 983 ψευδῆ
1010 936 1203 983 λέγοντες,
1240 932 1352 973 ἀλλά
1385 931 1451 973 καὶ
1481 936 1688 986 παντελῶς

168 989 341 1039 ᾇδύνατα
372 992 562 1042 «γενέσθαι,
621 991 824 1035 Eximius
849 996 914 1033 est
945 991 1017 1033 hic
1050 992 1347 1047 pleonasmus.
1404 988 1529 1033 Nam.
1552 988 1690 1033 «ἐδύνω-

170 1063 233 1092 tou
252 1051 497 1093 est-scholae
529 1055 685 1107 aptum
714 1055 760 1092 et
780 1051 911 1091 nimis
940 1049 1090 1102 breve,
1121 1052 1166 1090 et
1185 1059 1238 1090 eo
1267 1061 1357 1089 non
1385 1050 1492 1102 apte
1509 1048 1687 1096 caderet

167 1107 340 1160 periodi
357 1109 569 1151 clausula.
626 1108 714 1151 Sed
733 1108 983 1150 accessione
1004 1113 1072 1149 τοῦ
1091 1104 1266 1156 ’γενέσθαι
1286 1106 1325 1147 si
1359 1105 1581 1148 sententia
1597 1118 1689 1150 nou

169 1164 230 1231 fit.
246 1167 388 1221 magis
417 1167 663 1224 populariS,
689 1170 804 1209 certe
823 1166 1000 1222 gravior
1030 1165 1170 1207 multo
1205 1164 1402 1208 redditur
1420 1166 1468 1208 et
1485 1177 1689 1207 numero-

171 1234 275 1271 ⁸10?-

796 1310 1067 1357 ΔΟΚΕῙΝ.

229 1396 477 1442 Germanus
497 1403 565 1442 est
584 1400 713 1454 hujus
729 1399 853 1440 verbi
882 1399 1178 1453 pleonasmus.
1239 1394 1358 1438 Nam
1387 1392 1690 1436 diversissima.

170 1460 275 1499 sunt
302 1454 393 1500 εἶναι
412 1462 458 1500 et
476 1457 611 1507 δοκεῖν,
631 1462 676 1500 et
695 1470 810 1512 saepe
849 1457 965 1497 inter
993 1468 1057 1503 se,
1077 1454 1195 1496 sicut
1221 1466 1370 1495 rerum
1398 1455 1559 1495 natura
1586 1450 1691 1503 fert,

169 1516 468 1568 oppon'untur.
529 1515 586 1557 Et
610 1520 760 1558 tamen
791 1514 895 1554 δοκεῖ
910 1511 999 1554 εἶναι
1013 1526 1069 1554 ex
1088 1524 1171 1554 usu
1201 1509 1451 1553 Atticorum
1469 1513 1521 1551 ut
1550 1509 1691 1564 pluri-

171 1584 295 1621 mum
326 1572 438 1614 nihil
473 1574 596 1615 aliud
627 1574 860 1626 significat,
897 1584 1033 1625 quam
1063 1570 1162 1610 ἐστί.
1231 1567 1363 1610 Hunc
1392 1581 1522 1610 usum
1547 1567 1692 1620 magis

170 1629 308 1671 etiam
344 1631 621 1672 confirmavit
648 1629 933 1684 philosophia
962 1627 1156 1670 Socratis
1184 1630 1229 1668 et
1263 1625 1475 1668 Platonis.
1550 1623 1692 1666 Probe

171 1689 554 1730 autem-memoria
582 1688 800 1731 tenendus
830 1691 915 1735 est,
946 1686 1159 1738 quoniam
1189 1684 1329 1725 etiam
1347 1682 1493 1734 Moto,
1521 1682 1693 1725 homini

174 1742 325 1787 Graece
343 1745 615 1795 doctissimo,
634 1746 812 1794 accidit,
832 1748 883 1786 ut
913 1744 960 1785 in
985 1742 1180 1796 Xenoph.
1213 1739 1334 1782 Hist.
1371 1739 1451 1782 Gr.
1482 1740 1532 1782 ii.
1553 1739 1597 1790 3,
1619 1739 1692 1782 51.

173 1803 293 1844 verbi
310 1802 428 1846 δοκεῖν
446 1804 672 1859 propriam
707 1802 1073 1856 significationem
1109 1811 1272 1852 urgens
1301 1799 1428 1841 vanis
1457 1797 1692 1850 difficulta-

172 1860 293 1903 tibus
310 1873 357 1903 se
371 1862 633 1916 implicaret,
652 1862 767 1903 sicut
787 1861 835 1901 in
853 1856 1051 1900 Excursu
1086 1857 1143 1898 ad
1173 1857 1299 1898 illum
1330 1857 1475 1898 locum
1494 1869 1538 1910 p.
1559 1868 1692 1897 xxxv.

175 1919 342 1960 monui.
402 1919 492 1962 Res
521 1921 619 1974 ipsa
637 1920 800 1972 ubique
828 1918 986 1958 docere
1016 1916 1163 1963 debet,
1197 1918 1346 1956 utrum
1366 1914 1475 1955 illud
1501 1914 1563 1955 sit
1589 1926 1692 1967 pro-

174 1977 274 2031 prie
296 1974 440 2020 videri
472 1979 564 2019 sive
591 1975 772 2033 speciem
814 1980 978 2017 tantum
1014 1979 1056 2015 et
1094 1974 1297 2014 incertam
1333 1969 1696 2017 existimationem

168 2033 371 2090 praebere,
411 2048 468 2076 an
519 2035 745 2076 modestiae
789 2046 924 2075 causa
960 2032 1219 2085 adjunctum
1240 2027 1564 2086 affimatiomm
1607 2042 1695 2072 non

177 2090 357 2134 dubiam
369 2093 498 2135 alteri
528 2093 664 2135 verbo
693 2092 928 2146 relinquat.
985 2088 1117 2131 Isocr.
1150 2086 1394 2129 Panathen.
1429 2088 1531 2128 init.
1566 2086 1694 2135 dicit,

179 2163 227 2192 se
240 2150 463 2203 juniorem
478 2164 567 2192 non
586 2151 814 2204 scripsisse
843 2151 981 2197 λόγους
1005 2149 1142 2188 ἅπλῶς
1169 2143 1340 2200 εἰρῆσθαι
1366 2144 1587 2194 δοκοῦντας,
1618 2157 1693 2187 ex-

176 2208 419 2262 plicatione
436 2210 591 2250 statim
610 2209 825 2262 subjecta,
854 2206 918 2247 καῖ
943 2204 1138 2254 μηδεμιᾶς
1164 2204 1417 2249 κοσμιότητος
1434 2204 1695 2255 μετέχοντας.

178 2265 293 2308 Sunt
307 2267 446 2320 igitur
464 2267 688 2308 orationes
707 2267 807 2313 illae,
827 2279 915 2306 non
938 2277 1035 2316 quae
1064 2260 1263 2303 videntur
1288 2261 1546 2314 simpliciter
1576 2273 1694 2303 com-

178 2324 354 2378 positae,
375 2324 451 2366 sed
467 2338 560 2366 vere
574 2331 615 2366 et
633 2338 680 2365 re
696 2323 817 2380 ipsas
846 2321 1086 2376 impliciter
1106 2319 1362 2373 eompositae
1382 2331 1393 2358 :
1426 2317 1545 2370 quod
1558 2318 1697 2361 etiam

179 2382 340 2424 clarius
360 2382 425 2430 fit,
446 2383 524 2424 ubi
551 2385 811 2424 ornamenta
844 2381 1174 2424 commemorat,
1203 2377 1366 2430 quibus
1399 2376 1494 2430 ipse
1518 2381 1614 2417 tum
1633 2377 1696 2418 sit

178 2451 302 2482 usus.
358 2437 411 2482 In
431 2438 544 2482 Plat.
565 2440 697 2494 Apol.
716 2439 763 2480 S.
780 2452 825 2493 p.
845 2437 918 2479 49.
955 2437 1044 2478 haec
1073 2435 1286 2487 legimus:
1318 2430 1418 2482 ’έδοξέ
1443 2450 1509 2481 μοι
1536 2433 1647 2475 οὗτος
1674 2435 1696 2476 ὅ

181 2497 275 2552 ἀνὴρ
290 2496 407 2538 δοκεῖν
423 2498 495 2544 μὲν
514 2495 604 2538 εἶναι
631 2497 742 2550 σοφὸς
760 2495 895 2537 ἄλλοις
912 2512 954 2535 τε
983 2496 1148 2534 πολλοῖς
1181 2489 1406 2547 ἀνθρώποις,
1432 2490 1496 2532 καὶ
1516 2492 1695 2540 μάλιστα

182 2557 323 2612 ἑαυτῷ,
343 2553 434 2596 εἶναι
454 2554 487 2595 δ’
502 2554 558 2596 οὔ.
616 2553 704 2597 Hic
732 2553 835 2603 ’έδοξε
861 2552 1086 2594 modestiae
1115 2562 1249 2592 causa
1276 2549 1443 2590 dictum
1476 2549 1589 2590 verti
1619 2550 1694 2592 de-

180 2612 257 2654 bet
271 2611 454 2668 cognovi
481 2613 577 2654 sive
593 2611 691 2654 vidi
706 2627 721 2660 ,·
749 2616 828 2652 aut
853 2609 996 2666 reperi
1012 2609 1095 2664 (sic
1111 2609 1230 2650 enim
1244 2608 1389 2648 forma
1407 2607 1584 2661 periodi
1603 2619 1694 2650 ser-

181 2671 278 2713 vari
307 2670 492 2725 poterit)
513 2683 525 2718 ;
557 2669 674 2711 δοκεῖν
702 2673 868 2716 autem,
900 2672 950 2709 ut
978 2667 1235 2722 oppositum
1262 2665 1397 2707 verbo
1430 2661 1533 2715 εἶναι,
1557 2663 1700 2706 videri

179 2728 273 2772 sive
310 2726 458 2771 haben·
471 2742 487 2768 .·
538 2740 640 2768 nam
681 2740 797 2781 saepe
835 2726 952 2767 δοκεῖν
987 2724 1256 2767 commodius
1301 2722 1498 2764 redditur
1539 2721 1699 2771 haberi,

182 2798 230 2839 q·
251 2799 306 2829 e-
324 2785 455 2842 vulgo
473 2798 509 2827 s.
541 2782 886 2842 quamplurimis
915 2781 1074 2830 videri,
1093 2786 1138 2823 et
1157 2781 1347 2822 maxime
1367 2781 1414 2822 in
1442 2780 1700 2835 participio,

183 2847 238 2887 u't
249 2846 283 2887 οἶ
301 2842 492 2887 δοκοῦντες
507 2846 680 2895 εὐγενεῖς,
707 2844 739 2885 οἳ
764 2842 801 2884 δ.
833 2844 1026 2889 πλούσιοι,
1047 2843 1079 2882 οἱ
1099 2839 1131 2880 3.
1163 2838 1296 2894 ἄρχειν
1319 2841 1400 2881 etc.
1461 2837 1548 2878 Sed
1575 2838 1698 2892 plen·-

183 2914 362 2945 namus
390 2903 581 2944 maxime
610 2904 735 2956 patet
766 2901 977 2954 adiuncto
1009 2899 1143 2941 verbo
1177 2894 1392 2949 φαίνεσθαι,
1422 2899 1475 2936 ut
1493 2893 1697 2950 Xenoph.

185 2957 298 3026 Gyri·
318 2959 439 3007 Disc-
472 2961 573 3005 viii.
594 2959 642 3011 3,
667 2958 734 3005 14.
781 2957 919 3005 Mem.
939 2958 984 3002 ii.
1013 2957 1051 3013 1,
1070 2955 1143 3001 22.
1174 2953 1289 3000 Plat.
1316 2951 1497 3012 (Gorg.)
1514 2953 1602 2997 vol.
1637 2953 1700 3000 ivo
