1838 3164
750 149 1056 204 IS'AGQGE.
1619 146 1646 187 9

140 265 273 306 venta
290 267 358 308 tot
375 267 420 307 et
438 269 531 308 tam
551 265 762 319 ambigua
790 263 1014 318 signorum
1034 263 1160 316 signa
1194 274 1278 315 ego
1309 274 1396 303 non
1431 261 1647 318 numero),

139 319 583 376 utvverbisquuamvis
603 321 761 364 'inultis
794 322 870 363 vix
900 320 1132 375 perspicue
1163 320 1272 361 satis
1304 320 1519 374 explicari
1549 333 1648 375 pos·

139 377 243 421 sint.
302 377 406 422 Has'
418 382 476 433 ob
495 394 649 422 causas
669 393 819 435 paucae
837 381 1014 421 tantum
1032 377 1365 431 conjunctiones
1384 378 1495 418 mihi
1517 381 1648 419 erunt

138 432 402 490 tangendae..
443 438 578 487 Nam,
617 441 667 480 ut
688 437 810 484 dixi,
846 437 1046 479 universe
1079 438 1299 490 spectatas
1327 447 1356 476 a
1382 435 1650 490 pleonasmis

140 505 263 549 segre
352 492 431 538 das
447 500 569 551 puto.
695 494 705 542 J
1126 496 1129 498 ’

173 589 176 592 ,
199 551 266 606 §.J
297 551 659 610 {Interfectiones
685 565 859 607 possem
890 564 969 605 pro
995 551 1192 597 ,instituti
1221 550 1394 592 ratione
1426 550 1649 605 persequi.

140 602 298 651 Verbis
317 608 431 652 certe
449 612 654 652 affectum
675 624 754 665 per
773 623 819 651 se
851 610 967 650 clare
999 605 1297 650 indicantibus
1328 609 1495 663 passim
1516 608 1650 649 inter-

139 671 458 722 ponuntur,et
497 670 679 722 abjeetae
719 680 896 710 sensum
934 668 1155 720 integrum
1194 666 1456 719 relinquunt.
1534 665 1649 707 Aliis

138 722 326 767 fortasse
346 738 469 768 secus
487 726 751 770 videbitur..
785 724 879 778 Ego
907 724 1007 765 illas
1039 725 1210 769 omitto,
1240 725 1346 777 qu-ia
1372 723 1537 765 nullius
1570 727 1651 765 aut

137 775 348 834 pe'rqu'am
385 784 535 836 exigui
556 797 663 824 usus
684 786 750 824 est
782 783 835 823 de
869 782 958 823 illis
987 782 1244 835 disputatio.
1305 779 1422 822 Nam
1455 781 1564 823 illud
1598 780 1653 822 de

139 836 238 886 οἴμοι
259 840 341 882 sub
360 839 485 882 ΕΓΩ
507 846 551 883 et
572 841 648 883 ΣΥ
679 845 745 882 est
765 842 963 895 πάρεργον.
1032 838 1166 881 Verba
1180 853 1260 896 per
1278 837 1527 896 epizeuoein‚
1548 851 1653 879 ana-

142 893 332 952 diplosin
363 896 708 954 (it-epanalepsin
739 896 923 954 repetita
960 898 1039 939 sub
1072 898 1316 952 pleonasmi
1357 897 1533 937 nomine
1563 909 1653 937 non

140 965 239 994 esse
272 956 690 1009 comprehendenda,
721 956 788 997 vel
824 969 877 996 ex
909 967 961 996 eo
980 959 1182 1010 apparet,
1211 955 1328 1008 quod
1360 955 1572 996 virtutem
1605 953 1653 993 in

141 1022 291 1052 eorum
334 1014 567 1055 iteratione
598 1015 788 1068 positam
823 1013 1023 1054 homines
1057 1025 1144 1054 non
1183 1014 1315 1067 plane
1354 1012 1533 1053 hebetes
1579 1009 1653 1052 d'e-

141 1070 389 1126 monstrare
410 1076 631 1124 utcunque
663 1075 861 1126 possunt.
922 1069 1066 1112 Nemo
1099 1072 1217 1111 enim
1249 1070 1380 1111 facile
1412 1068 1652 1117 dubitabit,

141 1126 248 1177 quid
268 1140 309 1167 v.
330 1142 367 1169 c.
391 1129 460 1170 bis
477 1131 670 1184 positum
690 1129 749 1176 μὴ
779 1129 824 1169 in
847 1128 1052 1182 Sophocl.
1090 1126 1195 1169 OEd.
1231 1126 1326 1169 Col.
1348 1126 1445 1169 207.
1477 1127 1562 1168 sibi
1582 1139 1653 1168 ve-

141 1182 194 1222 lit
215 1196 226 1230 ;
245 1188 336 1232 qaut
355 1186 403 1226 in
422 1186 648 1240 Aristoph.
672 1185 842 1239 Equitt.
869 1185 933 1227 19.
957 1191 1025 1228 ter
1045 1187 1308 1240 repetitum:
1341 1185 1402 1233 μή
1430 1202 1557 1234 μοιγε,
1592 1183 1662 1239 μή

140 1256 224 1288 upa,
244 1242 304 1289 μὴ
341 1242 615 1299 διασκανδίσῃς.
674 1242 820 1285 Multo
840 1246 988 1285 minus
1024 1244 1269 1298 pleonasmi
1302 1243 1478 1284 nomine
1507 1242 1655 1283 venire

139 1296 316 1346 debent,
338 1313 436 1352 quae
455 1302 628 1343 diverso
649 1314 776 1341 sensu
814 1302 1002 1355 repetita
1034 1305 1079 1342 et
1111 1302 1311 1355 paullum
1330 1300 1466 1341 etiam
1499 1300 1658 1340 immu-

140 1357 237 1396 tata
256 1358 548 1410 reperiuntur,
568 1362 618 1399 ut
640 1356 773 1398 Hom.
797 1357 856 1399 11ss
884 1359 935 1399 Ξ.
966 1358 1036 1399 81.
1066 1357 1105 1399 ὃς
1136 1361 1282 1410 φεύγων
1311 1360 1495 1412 προφύγῃ
1526 1358 1657 1397 κακόν.

142 1409 354 1455 Herodot.
377 1416 431 1455 iv.
455 1414 524 1457 23.
559 1415 597 1456 ὃς
612 1414 655 1456 ἂν
674 1418 926 1468 καταφεύγων
942 1418 1153 1471 καταφύγῃ
1174 1418 1210 1457 ἐς
1230 1418 1403 1463 τούτους,
1433 1415 1497 1455 ὑπ’
1518 1413 1660 1454 οὐδενὸς

139 1467 343 1519 ἀδικέεται,
396 1471 472 1528 qui
513 1471 692 1529 aliquod
758 1471 977 1530 erfugz‘um
1023 1486 1211 1529 quaerens
1252 1472 1311 1514 ad
1361 1470 1436 1513 hos
1459 1468 1659 1527 confugit
1687 1512 1694 1517 ,

140 1531 224 1569 etc.
280 1527 422 1570 Locus
443 1535 591 1572 autem
612 1545 652 1572 v.
678 1487 755 1571 9AE
781 1532 826 1571 in
847 1543 933 1583 quo
960 1534 1066 1573 item
1087 1531 1257 1583 aliquid
1287 1529 1510 1571 abundare
1529 1530 1656 1582 fingi-

141 1587 230 1632 tur,
251 1586 410 1628 similis
429 1593 495 1629 est
515 1589 580 1629 illi
601 1586 852 1629 Homerico.
913 1589 973 1630 At
995 1602 1096 1629 vero
1115 1589 1153 1629 si
1173 1589 1289 1641 quod
1318 1588 1502 1628 verbum
1523 1592 1602 1628 aut
1617 1586 1655 1627 si

145 1653 234 1693 qua
252 1644 387 1684 verba
406 1649 509 1698 post
529 1645 824 1699 parenthesin,
857 1651 934 1687 aut
964 1650 1063 1700 post
1087 1647 1214 1700 plura
1236 1645 1433 1686 membra
1454 1658 1534 1698 per
1551 1645 1657 1697 legi-

143 1699 298 1750 timam
320 1704 584 1743 structuram
616 1703 797 1756 periodo
828 1703 1012 1750 inserta,
1046 1707 1323 1757 repetuntur,
1361 1715 1417 1743 an
1453 1703 1542 1743 haec
1582 1703 1656 1742 ha-

142 1755 288 1799 benda
307 1762 436 1799 erunt
451 1761 494 1800 in
512 1761 802 1815 pleonasmis?
833 1759 1041 1802 Definitio
1058 1761 1102 1801 id
1118 1761 1309 1814 patitur:
1343 1759 1419 1800 sed
1438 1760 1660 1813 ludicrum

141 1825 281 1869 prope
313 1821 427 1857 esset
446 1817 500 1858 de
534 1818 699 1859 talibus
720 1818 854 1858 verba
880 1818 1040 1859 facere.
1099 1816 1358 1871 Intelligunt
1378 1817 1494 1858 enim
1530 1817 1658 1870 pueri

142 1884 221 1925 per
240 1886 301 1923 se,
321 1874 377 1914 ad
393 1876 751 1929 perspicuitatem
772 1876 882 1916 tales
916 1876 1197 1929 pleonasmos
1221 1874 1279 1928 (si
1310 1876 1406 1930 quis
1426 1875 1487 1916 ita
1508 1875 1658 1929 appel-

143 1929 236 1970 lare
251 1931 366 1985 vult)
386 1945 480 1973 esse
502 1933 774 1973 necessarios
792 1937 871 1973 aut
889 1934 1017 1974 valde
1036 1933 1303 1981 commodOS,
1323 1938 1516 1974 ceterum
1545 1932 1657 1973 nihil

144 1985 200 2027 de
229 1988 302 2035 iis,
323 1988 411 2029 nisi
432 1989 512 2030 hoc
535 1991 680 2044 ipsum
699 1990 784 2030 dici
804 2003 950 2044 posse.

202 2045 242 2100 ξ.
276 2044 316 2085 7.
346 2043 508 2088 Eodem
531 2048 657 2088 modo
682 2047 971 2100 judicandum
1005 2051 1073 2089 est
1092 2047 1146 2089 de
1175 2046 1421 2104 synonymis
1450 2049 1656 2101 conjunc-

145 2101 220 2142 tis.
245 2147 250 2153 ,
282 2101 400 2144 Nam
431 2105 478 2144 in
508 2107 620 2153 βάσκ’
641 2103 699 2145 ἴθι
738 2106 854 2160 apud
884 2104 1143 2154 Homerum,
1167 2105 1219 2147 Il.
1250 2105 1310 2146 Θ.
1340 2104 1442 2147 399.
1473 2110 1519 2147 et
1538 2104 1658 2146 θάνα-

148 2160 212 2199 τόν
233 2177 274 2199 τε
295 2162 408 2216 μόρον
447 2179 507 2210 τε,
539 2160 624 2202 Od.
659 2161 691 2203 Ῑ.
713 2161 782 2203 fil.
818 2168 897 2205 aut
931 2165 978 2205 in
999 2165 1117 2211 aliis,
1135 2163 1195 2204 Π.
1214 2161 1316 2205 7136.
1336 2162 1384 2204 P.
1420 2162 1514 2204 193.
1544 2165 1588 2204 et
1604 2161 1659 2203 T.

148 2215 221 2258 42.
251 2219 334 2259 etsi
356 2232 494 2260 unum
513 2221 696 2260 verbum
728 2221 879 2262 abesse
912 2223 1072 2275 possit,
1101 2235 1230 2262 sensu
1267 2234 1354 2262 non
1389 2233 1562 2268 manco,
1591 2224 1659 2261 ta-

147 2287 267 2322 men,
297 2280 458 2318 natura
490 2277 687 2328 docente,
722 2279 920 2319 homines
951 2280 1106 2333 quavis
1139 2278 1290 2331 lingua
1316 2279 1547 2331 loquentes
1577 2278 1659 2320 hoc

148 2332 339 2384 faciunt,
363 2339 414 2375 ut
432 2335 611 2376 verbum
632 2336 760 2377 verbo
793 2337 1054 2390 adjungant,
1088 2349 1175 2389 quo
1195 2336 1339 2390 magis
1359 2337 1527 2390 aliquid
1546 2336 1661 2377 affir-

148 2394 288 2438 ment,
305 2395 384 2434 aut
411 2393 640 2440 suadeant,
661 2399 756 2441 aut,
786 2399 837 2435 ut
857 2395 1002 2448 primo
1034 2396 1130 2436 loco
1149 2396 1215 2442 fit,
1249 2400 1448 2446 urgeant.
1509 2393 1658 2447 Magis

148 2448 281 2487 etiam
302 2447 450 2502 inepte
468 2451 772 2504 pleonasmum
794 2452 950 2505 fingas,
980 2453 1055 2492 ubi
1086 2453 1244 2506 copula
1275 2451 1422 2493 verbis
1455 2451 1662 2506 adjungit

149 2517 405 2557 synonyma,
426 2513 475 2547 ut
507 2506 697 2561 AEschyl.
718 2507 941 2550 Prometh.
982 2509 1078 2551 152.
1108 2514 1186 2551 aut
1217 2509 1444 2551 Demosth.
1479 2508 1657 2563 Olynth.

149 2560 213 2618 H,
231 2562 331 2603 init.
352 2562 525 2616 δαιμονίᾳ
546 2565 615 2605 τινὶ
643 2565 707 2606 καὶ
737 2565 827 2619 θείᾳ
844 2569 1089 2608 παντάπασιν
1108 2568 1217 2608 ἐὀικεν
1246 2570 1453 2622 εὐεργεσίᾳ.
1514 2566 1661 2615 Patet,

147 2620 205 2660 ab
224 2623 398 2661 oratore
430 2622 648 2675 adjectum
683 2636 779 2664 esse
799 2623 863 2664 καὶ
882 2623 987 2676 θείᾳ,
1020 2628 1070 2666 ut
1089 2630 1271 2678 augeret
1302 2625 1503 2667 beneficii
1538 2637 1660 2678 mag-

148 2677 410 2719 nitudinem.
490 2678 687 2721 Accessit
722 2694 830 2734 ergo
869 2682 1086 2734 ejusmodi
1125 2683 1231 2735 quid
1273 2683 1331 2724 ad
1378 2683 1660 2729 sententiam,

150 2735 268 2788 quod
287 2737 511 2786 neminem
537 2738 774 2786 offendere,
806 2740 926 2793 cujus
961 2742 1028 2782 vis
1058 2741 1224 2781 nemini
1252 2745 1331 2782 a‘ut
1359 2742 1480 2783 nulla
1498 2745 1576 2781 aut
1594 2752 1661 2781 re-

154 2793 327 2847 condita
360 2794 498 2835 videri
529 2795 702 2837 debeat.
761 2795 830 2838 Ita
862 2800 907 2838 et
940 2796 1066 2840 Plato
1102 2797 1211 2840 Crit.
1242 2811 1288 2853 p.
1327 2797 1420 2840 106.
1450 2798 1521 2838 οἷόν
1551 2814 1593 2837 τε
1625 2795 1663 2837 ὂν

158 2848 225 2899 aa?
239 2849 394 2892 δυνατὸν
413 2853 657 2907 conjungit,
683 2858 728 2895 et
761 2867 864 2896 mox
898 2856 1003 2897 item
1033 2855 1213 2898 ἀδύνατον
1247 2855 1312 2896 καὶ
1347 2859 1470 2898 οὐκέτι
1495 2853 1567 2895 οἷόν
1602 2871 1664 2902 τε,

158 2898 350 2972 graviter
376 2913 613 2966 utrumque
647 2913 883 2953 affirmans.
963 2913 1107 2967 Atque
1140 2915 1348 2955 nonnulla
1376 2914 1507 2966 hujus
1538 2925 1669 2965 gene·

155 2975 235 3028 ns,
254 2969 780 3040 quaegrammaticivett,
800 2971 951 3012 dicunt
969 2985 1046 3028 per
1066 2973 1210 3026 σχῆμα
1235 2973 1277 3013 ἐκ
1301 2971 1565 3028 παραλλήλου
1591 2983 1669 3026 po-
