1838 3164
796 145 1076 191 mimulos.
1615 102 1713 185 ’319

181 258 321 303 etiam
339 247 490 302 Latini
508 257 630 303 ducit
645 256 732 302 via.
792 257 1005 314 Virgilius
1026 256 1118 304 Ecl.
1140 258 1202 302 ix.
1232 257 1405 309 lesan,
1437 258 1522 316 quo
1539 256 1616 303 via
1633 258 1713 304 du-

183 316 256 368 cit,
286 316 337 361 in
355 317 529 362 urbem?
559 317 789 385 Sc'n'wnss.¹
1015 380 1017 383 .
1118 382 1120 386 μ

687 386 969 443 ΦΘΕΓΜΑ,
1000 390 1207 436 SONUS.

243 468 296 513 In
325 471 497 513 neutris
526 468 773 523 adjectivis,
805 482 902 522 quae
932 468 1156 512 adduntur
1176 468 1308 510 verbo
1330 465 1574 521 φθέγγεσθαι
1593 470 1637 509 et
1656 467 1713 510 si-

187 527 394 577 milibus;
423 531 475 570 ut·
502 526 620 581 apud
652 524 923 570 Lucianum:
956 526 1109 583 Μικρὸν
1135 524 1381 580 φθέγγεσθαι,
1405 525 1469 567 καὶ
1493 525 1621 580 ἶᾱχνὸν
1649 525 1715 566 καὶ

182 586 423 637 «γυναικῶδες.
448 583 680 640 ‚Exiguum
707 591 749 627 et
783 591 949 627 tenuem
983 590 1024 627 et
1052 583 1298 627 muliebrem
1327 582 1451 626 edere
1491 582 1711 640 (sonum).

186 641 472 699 [Hujusmodi
492 646 646 685 neutra
661 643 974 686 adverbialiter
994 644 1220 685 dicuntur.
1253 642 1475 697 Semina]

664 718 691 745 *
719 717 937 768 ΦΙΑΛΗ,
970 715 1233 761 PATERA.

204 833 211 843 >.
244 793 491 836 Subaudias
508 792 565 836 ad
584 805 712 835 voces
733 791 886 849 ἀργυρὶς
907 795 951 834 et
966 792 1107 849 χρυσῖς
1139 793 1193 835 de
1224 793 1395 848 poculis
1423 793 1578 835 dictas.
1609 789 1714 834 Vid.

184 846 422 894 Ruhnken.
443 852 499 894 ad
517 850 634 893 Tim.
657 865 703 907 p.
723 850 795 893 48.
819 856 863 893 et
884 850 1076 893 Pierson.
1108 852 1163 892 ad
1183 849 1314 894 Moer.
1348 865 1392 907 p.
1414 849 1516 892 412.
1548 849 1715 891 Anaxi-

184 909 251 951 las
282 909 482 952 Athenaei
510 912 544 951 t.
582 911 640 951 iv.
681 922 727 964 p.
760 908 860 951 223.
890 908 1006 951 mira·
1040 911 1292 952 locutione:
1326 908 1391 950 καὶ
1424 909 1544 950 πίνειν
1579 906 1621 958 ἐξ
1652 911 1716 963 α’ρ-

182 967 342 1023 «γυρίδων
360 970 530 1026 χρυσῶν.
562 965 694 1010 Conf.
716 966 980 1010 Valckenar.
1001 967 1058 1008 ad
1087 965 1292 1023 Euripid.
1325 966 1544 1010 Phoeniss.
1574 978 1621 1023 p.
1649 964 1715 1008 14.

186 1023 390 1097 scum.
618 1083 645 1110 *
673 1081 946 1132 ΦΙΛΗΜΑ,
979 1076 1282 1125 OSGULUM.

243 1154 529 1211 Subintelligi
548 1155 677 1199 debet
698 1158 744 1199 in
759 1156 1039 1212 περιπεταστὸν
1055 1161 1100 1199 et
1117 1155 1432 1205 ἐπιμανδαλωτὸν
1448 1153 1567 1211 apud
1588 1152 1714 1198 Aris-

185 1215 424 1271 tophanem
459 1212 652 1258 Acharn.
682 1228 723 1256 v.
761 1213 884 1257 1200.
947 1212 1212 1258 Scholiastes
1243 1214 1300 1255 ad
1336 1226 1390 1270 ea
1419 1213 1578 1270 verba:
1627 1212 1713 1257 εἴδη

187 1272 418 1326 Φιλημάτιον
439 1274 641 1328 ἐρωτικῶν,
664 1274 698 1314 ἐν
715 1273 742 1328 ᾧ
759 1272 816 1312 δεῖ
827 1272 898 1315 τὴν
917 1276 1104 1321 «γλῶτταν
1126 1276 1199 1314 τῶν
1220 1273 1534 1328 καταφιλούντων
1554 1270 1714 1325 λείχειν.

185 1327 352 1372 Lmsn.
392 1330 566 1384 >Neque
598 1330 667 1372 hic
696 1330 864 1385 ellipsis
895 1332 988 1372 veri
1010 1331 1203 1372 nominis
1224 1331 1426 1371 obtinet:
1461 1330 1538 1371 sed
1575 1333 1653 1371 aut
1687 1341 1712 1370 e

187 1386 318 1430 verbo
338 1389 454 1442 quod
474 1389 698 1443 praecedit,
730 1388 957 1442 φιλήσατον,
988 1401 1074 1429 vox
1097 1390 1254 1442 φίλ’ῆμα
1276 1387 1492 1430 elicienda
1508 1391 1596 1437 ⁴est,
1618 1389 1714 1435 aut,
1792 1413 1802 1419 -

185 1447 304 1499 quod
324 1447 570 1502 simplicius
600 1447 738 1488 etiam
766 1447 958 1495 videtur,
991 1450 1151 1488 neutra
1175 1447 1252 1487 illa
1282 1459 1383 1487 cum
1419 1445 1606 1487 articulo
1639 1443 1716 1486 ad-

186 1504 440 1546 verbiorum
470 1507 630 1558 gerunt
661 1505 792 1557 vices,
824 1508 874 1546 ut
907 1504 952 1545 τὸ
990 1503 1123 1553 καλὸν,
1154 1503 1199 1545 τὸ
1234 1502 1427 1559 καρτερὸν,
1458 1501 1504 1543 τὸ
1533 1502 1714 1558 κρήγυον,

186 1558 359 1659 {anue
381 1563 520 1606 multa
539 1563 585 1606 id
603 1575 757 1617 genus.
791 1561 920 1605 Conf.
953 1560 1146 1616 Bergler.
1178 1562 1236 1604 ad
1265 1561 1524 1618 Alciphron.
1544 1574 1591 1617 p.
1619 1559 1716 1604 148.

227 1632 392 1663 cunr.
891 1658 897 1661 r

315 1682 318 1685 ’
584 1700 604 1707 -
658 1680 685 1706 *
705 1677 902 1727 ΦΙΛΙΑ,
933 1675 1244 1720 AMICITIA.

244 1731 296 1776 In
330 1735 496 1785 συνάγειν
526 1736 729 1778 absolute
763 1737 910 1791 posito
944 1737 1040 1778 sub.
1073 1738 1124 1778 εἰς
1157 1737 1285 1790 φιλίαν
1316 1734 1436 1790 apud
1470 1733 1712 1777 Herodian.

190 1791 268 1834 lib.
292 1790 355 1834 iii.
387 1806 482 1836 c.X.
514 1794 552 1849 ξ.
576 1794 615 1835 8.
666 1793 799 1836 Plene
827 1795 942 1835 idem
973 1795 1051 1836 lib.
1073 1795 1134 1835 iii.
1164 1807 1202 1834 c.
1221 1794 1318 1836 xiii.
1346 1793 1385 1848 ξ.
1407 1792 1451 1836 8.
1493 1792 1710 1835 Scnwnn.

189 1847 336 1894 Facile
356 1865 558 1894 caremus·
572 1854 654 1894 hoc
672 1853 988 1894 additamento.
1021 1851 1225 1893 SCHAEF.

685 1938 709 1962 2*
738 1932 946 1982 ΦΙΛΟΣ,
977 1931 1227 1976 AMIOUS.
1255 1950 1258 1952 ·

247 2006 299 2050 In
315 2007 658 2050 Pronominibus
679 2007 879 2048 absolute
899 2008 1070 2062 positis,
1102 2008 1209 2057 ἐμὸς,
1242 2006 1317 2061 σὸς,
1344 2008 1543 2065 ἡμέτερος,
1575 2010 1712 2056 ὗμέτε-

191 2083 268 2123 ρος,
286 2079 399 2121 saepe
414 2079 494 2120 pro
513 2069 743 2106 contextus·
763 2065 935 2107 ratione
956 2065 1218 2119 subauditur
1233 2067 1356 2120 φίλος.
1421 2067 1607 2120 [Verum
1627 2071 1713 2115 est,

191 2125 302 2166 talia
321 2136 512 2179 persaepe
532 2123 619 2164 dici
641 2123 693 2163 de
721 2123 905 2166 amicis:
938 2123 1118 2173 falsum,
1148 2124 1235 2165 dici
1262 2126 1352 2165 κατ’
1383 2125 1558 2174 ’ἔλλειψιν
1593 2127 1711 2167 vocis

192 2183 317 2236 φίλος.
350 2180 574 2235 ScHAEF.]
636 2179 918 2236 Ari'stophan.
940 2179 1054 2223 Iren.
1074 2197 1111 2224 v.
1134 2180 1229 2223 649.

270 2262 274 2269 ·
333 2271 337 2274 .
364 2237 432 2280 Οὐ
447 2238 522 2294 *γὰρ
542 2239 725 2294 ’ἡμέτερός
744 2255 801 2280 τις
820 2239 875 2280 ’ἐτ’
895 2239 974 2280 ’ἐστ’
997 2241 1129 2281 ἐκεῖνος
1144 2240 1254 2295 ἀνὴρ,
1284 2240 1393 2281 ἀλλὰ
1412 2241 1489 2281 σός.

194 2296 268 2339 Sic
286 2297 422 2339 etiam
441 2296 559 2350 apud
579 2294 760 2338 Latinos
782 2310 913 2345 meus,
947 2303 1058 2345 tuus,
1093 2300 1248 2346 noster,
1268 2303 1418 2346 vester,
1439 2298 1616 2351 quando
1635 2298 1711 2340 ab·-

195 2355 334 2395 solute
375 2358 615 2408 ponuntur,
646 2361 860 2396 summam
889 2355 1317 2411 benevolentiam-et
1355 2356 1712 2398 familiaritatem

193 2411 430 2452 deelarant.
492 2410 875 2466 [Hemsterhusius
908 2414 956 2453 in
990 2412 1222 2455 Schraderi
1260 2411 1567 2464 E‘mendation.
1607 2427 1712 2469 pag.

199 2466 294 2509 103.
326 2481 362 2510 s.
410 2473 454 2494 ““
475 2468 704 2511 ——Deinde
730 2474 862 2518 recte,
893 2484 999 2512 mea.
1062 2469 1188 2526 Saepe
1207 2469 1385 2513 Terent.
1409 2470 1606 2527 Propert.
1641 2471 1711 2513 El.

194 2539 283 2578 seq.
300 2523 400 2571 ,Illa
420 2538 560 2567 meam
580 2526 689 2568 mihi
713 2528 864 2583 sejam
884 2528 1095 2583 denegat.-
1126 2534 1171 2570 et
1198 2529 1292 2571 viii.
1324 2529 1398 2577 32,
1430 2528 1503 2578 42,
1534 2529 1607 2570 44.
1641 2528 1713 2573 τὴν

196 2581 294 2632 ἐμὴν
315 2582 520 2624 Aristaen.
542 2584 572 2624 i.
601 2584 638 2625 l.
670 2597 717 2639 p.
742 2584 783 2625 6.
818 2584 985 2627 Pariter
1006 2589 1082 2628 tua
1097 2587 1212 2628 infra
1232 2588 1294 2628 ix.
1317 2587 1388 2628 22.
1419 2586 1478 2629 Et
1497 2585 1610 2629 m'lzz‘l
1625 2585 1713 2629 ira-

195 2646 247 2683 toe
258 2647 382 2696 'posse
400 2654 560 2696 negare
585 2645 685 2684 tuae.
745 2642 904 2684 Horat.
937 2642 1083 2685 Carm.
1105 2645 1136 2685 i.
1167 2658 1239 2686 xv.
1260 2645 1329 2685 32.
1362 2642 1463 2686 Non
1482 2644 1559 2686 hoc
1581 2644 1714 2701 polli-

194 2697 301 2740 citus
318 2701 429 2740 tuae:
466 2697 659 2740 Helenae.
719 2698 793 2741 Sic
813 2701 964 2750 etiam,
987 2700 1177 2744 adlatus
1206 2714 1293 2744 esse
1323 2716 1411 2744 suae
1431 2703 1498 2743 iii.
1530 2703 1607 2743 xii.
1639 2701 1711 2744 22.

195 2760 239 2798 et
258 2754 326 2798 29.
387 2755 446 2797 At
472 2760 624 2797 nostra
643 2755 812 2812 ingenti
839 2762 920 2800 etc.
951 2757 1080 2801 Ovid.
1103 2761 1152 2801 ii.
1175 2759 1273 2802 Am.
1298 2757 1362 2800 El.
1386 2773 1426 2800 v.
1456 2759 1524 2802 26.
1556 2761 1714 2814 cupido

196 2814 340 2855 mollis
372 2815 517 2856 amica
545 2827 623 2856 Suo
653 2828 708 2856 ex
744 2814 878 2857 Codd.
913 2821 1037 2858 notat
1067 2816 1222 2861 Heins.
1244 2830 1325 2871 pro
1346 2815 1451 2859 viro.
1488 2817 1574 2859 vid.
1597 2818 1715 2858 idem

195 2871 252 2912 ad
286 2869 465 2915 Remed.
503 2873 652 2914 Amor.
685 2872 783 2914 492.
842 2871 1064 2928 Frigidior
1109 2876 1249 2929 glacie
1284 2875 1355 2916 fac
1399 2876 1571 2917 videare
1615 2881 1713 2917 tuce.

191 2928 264 2973 τὰς
284 2932 427 2975 ἑαυτῶν
448 2928 638 2978 Pausan.
674 2931 766 2976 viii.
797 2944 844 2988 p.
866 2931 964 2979 604.
995 2948 1038 2979 v.
1065 2932 1162 2978 153²
1194 2932 1419 2989 Sonam]
1479 2933 1727 2977 Suetonius-
