1838 3164
458 104 782 189 PmoNAsm
804 115 1298 188 GONJUNCTIONUM.
1562 113 1644 186 109

127 226 230 271 dum
258 229 450 274 refertur
469 231 526 274 ad
556 235 720 275 statum
739 236 785 275 et
803 232 1117 284 conditionem,
1150 237 1202 276 ut
1231 230 1424 276 nondum
1442 231 1502 277 sit
1533 231 1564 289 i,
1594 245 1641 290 q.

125 290 214 330 non
230 285 311 331 lca‘c
323 287 373 331 in
386 287 658 350 conditione,-
685 304 787 341 non,
808 291 849 332 si
867 302 933 354 rer
951 289 1019 333 ita
1037 296 1285 351 comparata
1300 296 1375 361 est.
1401 294 1404 298 '
1561 291 1563 293 ’
1587 294 1590 298 ’
1624 299 1626 302 ·

814 406 960 454 ΠΩΣ.

142 487 302 541 μ-Πως,
330 491 448 546 quod
469 490 722 547 Stephanus
754 490 864 534 dicit
895 504 1012 547 saepe
1042 503 1218 540 vacare,
1244 492 1422 549 proprie
1450 497 1519 536 est
1539 494 1645 535 κατά

129 562 215 590 τινα
234 550 385 604 τρόπον,
412 554 464 592 ut
483 550 740 592 scholiastes
770 548 920 604 Eurip.
953 548 1108 592 Phoen.
1135 549 1258 593 1428.
1290 552 1496 606 explicat.
1524 550 1644 600 Quo-

130 605 253 655 niam
269 607 409 660 igitur
427 607 651 649 notionem
671 607 838 662 praebet
865 620 954 649 non
987 609 1118 650 certis
1151 609 1311 653 finibus
1332 609 1563 656 inclusam,
1592 621 1647 651 co

129 666 356 719 ooeperunt
387 665 473 713 uti,
503 665 619 707 sicut
656 665 917 719 pronomine
956 664 1016 706 τῖς
1051 665 1107 707 ad
1145 666 1434 720 injiciendam·
1460 667 1647 720 insignis

130 721 448 775 magnitudinis
470 723 778 777 suspicionem.
834 722 907 765 Sic
942 723 1052 764 mihi
1082 723 1269 766 videtur.
1327 722 1566 777 Analogia,
1594 729 1647 767 ut

127 778 318 826 ostendi,
350 779 431 821 hoc
461 781 640 822 suadet:
687 784 734 820 et
762 782 873 828 loca,
900 793 1000 834 quae
1029 781 1354 830 demonstrabo,
1383 781 1494 824 satis
1526 781 1644 824 idem

127 831 367 888 declarant.
423 836 548 879 Iliad.
570 839 620 879 Ξ.
647 837 741 879 104.
771 839 887 887 μάλα
907 853 1014 886 ‘'tan-,1
1028 852 1238 895 perquam
1269 837 1476 896 graviter.
1508 838 1644 893 Soph.

128 890 204 946 Aj.
239 892 342 936 306.
372 895 485 943 μόλις
517 910 614 944 πως,
649 894 879 960 aegerrime.
926 893 1080 951 Eurip.
1115 895 1259 952 Iphig.
1291 898 1338 938 in
1365 895 1467 953 Aul.
1497 895 1568 940 66.
1598 894 1642 938 εὖ

127 965 211 992 πως
233 964 440 1008 perquam
467 951 576 995 scita
609 960 790 995 ratzone.
850 951 1051 1008 Xenoph.
1092 953 1193 1008 Cyri
1235 953 1356 997 Disc.
1397 952 1511 996 Selm-
1545 969 1648 1002 πως,

128 1005 372 1060 (Ciceronis
400 1010 545 1052 verbis
570 1011 634 1053 sic
651 1012 684 1066 ε)
714 1017 763 1053 ut
796 1009 928 1059 illud,
957 1010 1101 1054 nescio
1133 1009 1252 1068 quid,
1283 1025 1371 1054 non
1392 1009 1647 1069 fortuitum,

127 1063 204 1115 sed
221 1063 418 1117 divinum
437 1066 665 1110 videretur.
725 1067 790 1112 Id.
813 1067 926 1124 Exp.
948 1069 1015 1110 iii.
1043 1068 1082 1118 1,
1118 1069 1189 1112 43.
1219 1071 1372 1116 μᾶλλον
1391 1085 1490 1118 πως,
1518 1067 1648 1124 longe

116 1119 411 1180 frequentius.
433 1127 490 1167 vi.
528 1125 567 1174 l,
586 1126 626 1168 5.
650 1130 837 1180 τεχνικῶς
854 1143 953 1175 πως,
978 1125 1092 1168 mira
1113 1125 1300 1184 quadam
1318 1132 1427 1169 arte.
1486 1125 1648 1169 Strabo

130 1193 174 1223 X.
205 1194 249 1238 p.
277 1181 371 1225 122.
403 1183 467 1224 ed.
488 1184 651 1226 noviss.
682 1186 795 1231 κώμη
819 1215 830 1226 .
857 1213 870 1232 ,
893 1216 904 1226 .
930 1214 940 1224 .
963 1187 1109 1236 εὐφυῶς
1139 1186 1352 1234 ἐπικειμένη
1382 1189 1549 1240 πως,,τῇ
1579 1188 1648 1227 τοῦ

124 1237 338 1292 Ἀχελὼου
358 1239 543 1288 διαβάσει,
575 1241 695 1283 vicus
722 1241 934 1284 commode
959 1241 1189 1284 admodum
1221 1241 1305 1295 (sic
1338 1245 1454 1284 recte
1483 1239 1648 1296 Xylan-

127 1296 225 1351 der)
245 1295 443 1352 adjacem
462 1298 664 1354 trajectuz'
682 1297 869 1342 Acheloi.
928 1297 1084 1352 Itaque
1119 1300 1255 1342 simili
1289 1300 1458 1342 ratione·
1485 1301 1651 1354 ἀκριβῶς

129 1367 241 1451 Zac,
264 1354 312 1394 in
342 1366 430 1408 quo
459 1354 708 1410 Stephanus
728 1373 810 1398 πως
843 1358 936 1399 vult
963 1369 1134 1406 vacare,
1163 1357 1284 1399 reddi
1318 1360 1466 1412 potest
1484 1354 1648 1399 eximia

171 1415 338 1452 mtate.
1499 1437 1501 1440 ·
1543 1431 1546 1434 ·

743 1476 1039 1520 ὙΣΤΕΡΟΝ.

190 1555 259 1600 De
274 1557 357 1601 hoc
376 1559 475 1601 vide
492 1557 700 1614 Isagoges
720 1564 962 1602 extremam
981 1559 1266 1615 particulam.

845 1672 943 1717 ΩΣ.

190 1751 413 1802 Quoniam
447 1755 540 1797 haec
572 1754 791 1809 particula
825 1754 986 1808 saepius
1018 1752 1108 1794 vim
1142 1752 1275 1794 habet
1307 1743 1648 1807 conjunctionis,

131 1824 264 1866 quam
284 1813 496 1862 adverbii,
524 1826 624 1867 quae
643 1813 697 1854 de
725 1824 779 1853 ea
807 1811 951 1853 dicere
982 1811 1211 1859 habemus,
1241 1824 1298 1853 ne
1327 1812 1512 1858 diversis
1540 1814 1649 1856 locis

132 1870 370 1923 quaerenda
390 1872 496 1920 sint,
531 1871 682 1912 omnia
710 1869 758 1911 in
789 1877 923 1925 caput
951 1869 1005 1910 de
1035 1868 1421 1922 conjunctionibus
1452 1871 1647 1914 confere-

136 1939 249 1970 mus.

323 2249 760 2300 PLEONASMI
807 2247 1462 2299 CONJUNCTIONUM.

670 2531 1119 2577 PRAEMONITUM.

137 2623 411 2687 ACCESSI
437 2643 532 2696 jam
561 2642 617 2684 ad
655 2646 804 2697 caput,
850 2643 975 2695 cujus
1010 2643 1219 2684 tractatio
1256 2643 1363 2686 mihi
1393 2645 1654 2703 tantundem

135 2703 229 2744 sere
269 2702 496 2747 molestiae,
537 2705 752 2753 quantum
792 2700 1029 2754 voluptatis
1062 2700 1227 2742 attulit.
1289 2701 1405 2743 Nam
1445 2715 1544 2744 cum
1584 2716 1653 2750 ea,

135 2772 234 2813 quae
278 2763 430 2800 notata
467 2758 698 2804 habebam,
734 2757 969 2810 diligenter
1008 2757 1303 2812 comparanda
1334 2772 1434 2801 cum
1465 2758 1553 2801 illis
1587 2773 1653 2802 es-

135 2819 249 2864 sent,
268 2828 364 2869 quae
387 2817 471 2857 viri
493 2815 626 2862 docti,
661 2820 707 2856 et
727 2816 932 2868 inprimis
965 2816 1015 2862 ii,
1046 2827 1156 2867 quos
1178 2828 1311 2870 supra
1330 2816 1441 2863 dixi,
1469 2818 1561 2869 Jam
1582 2831 1652 2858 co-

134 2875 258 2928 piose
277 2874 573 2921 illustrarunt,
604 2886 628 2913 e
659 2884 821 2925 magno
853 2873 931 2914 hoc
952 2872 1101 2913 labore
1134 2885 1220 2914 non
1255 2874 1532 2928 poenitendos
1552 2876 1650 2927 qui-

133 2931 232 2974 dem
265 2931 454 2980 fructae,
484 2930 559 2973 sed
591 2934 636 2972 et
674 2931 790 2972 hunc
829 2928 937 2986 (quo
971 2931 1125 2973 lubens
1158 2932 1417 2988 caruissem)
1458 2933 1571 2988 cepi,
1600 2936 1652 2976 ut
