1838 3164
176 112 234 157 56
600 114 919 157 PLEONASMI
948 111 1270 154 VERBORUM.

177 233 312 274 verbo
330 233 547 288 distingui
583 235 780 277 videmus
811 234 911 289 (per
943 251 985 275 τε
1019 231 1123 287 καὶ),
1153 234 1197 273 et
1226 233 1451 285 postrema
1476 229 1589 270 δίκαι’
1613 258 1623 269 .
1650 259 1661 269 .
1683 258 1694 269 .

177 288 307 332 πείθω
325 293 545 334 rationem
562 294 788 336 continere
808 292 1027 339 videntur,
1058 304 1134 333 cur
1153 293 1198 331 et
1216 287 1308 339 ἀξιῶ
1328 287 1528 331 additum
1547 286 1621 329 sit.

788 384 1101 428 ΑΡΧΕΣΘΑΙ

178 481 282 513 cum
314 470 398 512 inf.
419 470 533 512 alius
552 470 677 527 verbi
707 472 990 524 conjunctum
1019 483 1134 525 saepe
1153 468 1370 523 πλεονάζει.
1430 466 1550 510 Nam
1567 466 1701 515 actio,

179 540 282 582 quae
300 529 443 570 altero
462 528 597 571 verbo
617 529 894 584 exprimitur,
925 540 1013 570 non
1046 530 1187 570 solum
1205 530 1368 582 coepta,
1398 525 1475 568 sed
1497 524 1702 567 absoluta.

180 586 468 640 significatur,
517 588 627 630 adeo
664 590 714 628 ut
757 584 950 642 ἄρχεσθαι
987 586 1128 627 videri
1164 580 1307 641 possit
1345 584 1551 626 otiosum.
1581 580 1701 638 -Sed

181 644 369 686 eandem
401 645 620 687 actionem
639 644 833 686 studiose
858 648 903 685 et
938 656 1037 685 cum
1071 644 1346 686 contentione
1377 641 1571 696 quadam
1598 653 1701 682 con-

182 702 406 744 tinuatam
424 706 503 745 aut
523 704 729 745 iteratam
747 702 843 744 vult
871 701 1003 743 simul
1023 701 1226 755 intelligi.
1287 700 1457 742 Matth.
1475 699 1594 742 xxvi.
1626 697 1701 741 22.

180 757 346 815 ἤρξαντο
362 763 484 810 λέγειν
503 765 611 818 αὐτῷ
637 761 793 802 ἕκαστος
818 762 958 801 αὐτῶν·
983 759 1082 807 μήτι
1107 760 1182 807 ἐγώ
1211 760 1300 807 εἶμι,
1326 760 1455 814 nupta?
1485 761 1531 799 et
1560 771 1602 798 v.
1629 755 1703 798 74.

182 818 274 858 τότε
299 816 446 873 ἤρξατο
477 823 560 861 etc.
596 818 697 861 Act.
720 821 751 860 i.
778 818 816 859 1.
840 848 850 859 .
873 848 883 858 .
911 849 921 859 .
946 848 956 858 .
989 817 1036 859 ὧν
1069 816 1214 872 ἢρξατο
1249 818 1267 856 ὁ
1303 815 1453 858 Ἰησοῦς
1471 817 1591 856 ποιεῖν
1621 817 1702 856 etc.

181 873 352 929 Sponte
370 877 468 929 quis
504 877 733 930 intelligit,
763 888 851 918 non
885 875 1088 929 abruptis
1126 874 1391 927 quibusdam
1425 872 1571 915 verbis
1603 872 1705 913 illos

179 944 286 975 usos
305 947 414 976 esse.
476 933 572 976 Nee
591 948 694 978 vero
729 934 912 976 alterius
932 931 1150 978 oratione,
1171 936 1251 971 aut
1280 943 1398 982 casu,
1427 930 1576 971 nescio
1604 941 1706 981 quo,

178 989 604 1045 interpellati-sunt.
643 991 740 1033 ·Sic
774 1001 918 1040 neque
950 986 1081 1028 Jesus
1102 988 1149 1027 in
1182 1000 1328 1028 rerum
1363 987 1632 1040 agendarum
1662 989 1709 1028 et

179 1048 478 1090 docendarum
499 1049 640 1089 initiis
675 1049 738 1088 ita
770 1047 949 1087 haesisse
981 1044 1271 1097 significatur,
1301 1044 1413 1085 nihil
1434 1048 1486 1085 ut
1514 1043 1710 1086 absolve-

181 1105 258 1146 rit.
319 1105 421 1147 Alia
449 1107 547 1147 loca
581 1104 882 1158 lexicographi
919 1105 971 1143 et-
990 1105 1354 1144 commentatores
1375 1102 1421 1143 in
1454 1099 1511 1142 N.
1532 1099 1585 1142 Τ.
1605 1114 1706 1143 con-

179 1165 442 1216 gesserunt;
474 1166 520 1204 et
536 1162 616 1203 alii
636 1162 691 1202 ad
712 1162 823 1203 alios
844 1162 1099 1215 scriptores,
1131 1163 1176 1201 et
1194 1158 1420 1201 Erhardus
1450 1158 1507 1199 ad
1528 1156 1706 1201 Petron.

181 1232 221 1260 ο.
242 1218 281 1259 6.
342 1217 460 1260 Nam
494 1222 540 1260 et
562 1217 711 1262 Latini
748 1218 792 1260 τὸ
827 1217 997 1275 coepisse
1029 1220 1092 1260 sic
1120 1222 1293 1273 ponunt
1324 1217 1595 1272 saepissime;
1628 1229 1708 1259 nec

181 1288 271 1318 non
308 1277 579 1318 recentiores
613 1277 660 1318 in
700 1277 790 1318 suis
825 1277 989 1330 linguis
1025 1276 1160 1318 verba
1193 1275 1561 1330 significationem
1601 1275 1710 1316 inci-

177 1334 333 1390 piendi
356 1334 579 1376 habentia.
641 1334 794 1377 Nostri
824 1339 940 1376 certe
973 1335 1035 1376 sic
1054 1334 1222 1375 solent:
1255 1333 1317 1376 Er
1325 1332 1454 1388 fieng
1472 1328 1606 1373 an'zu
1627 1337 1710 1373 etc.

182 1405 284 1433 cum
308 1393 558 1444 significare
579 1393 749 1441 volunt,
780 1392 976 1445 aliquem
1005 1391 1201 1434 studiose
1235 1396 1280 1433 et
1314 1392 1596 1433 vehementer
1629 1389 1710 1432 ali·

183 1449 293 1504 quid
312 1450 457 1502 egisse

242 1506 288 1548 2.
322 1506 450 1550 Alius
471 1511 536 1550 est
560 1507 863 1562 pleonasmus,
885 1508 1011 1561 cujus
1042 1507 1134 1549 haec
1163 1505 1314 1548 notavi
1349 1506 1562 1560 exempla.
1624 1502 1715 1547 He-

184 1565 342 1619 rodet..
361 1578 401 1607 v.
433 1563 507 1608 49.
541 1566 656 1607 med.
676 1563 800 1606 '‘Eo-*rt
830 1565 869 1606 δὲ
895 1565 959 1606 καὶ
986 1563 1124 1614 ἀγαθοὶ
1155 1568 1250 1605 τοῖσι
1277 1562 1349 1606 τὴν
1392 1562 1540 1619 ’ἤπειρον
1576 1563 1714 1606 ἐκείνην

185 1620 430 1672 νεμομένοισι,
461 1623 530 1664 ὅσα
549 1623 633 1664 οὐδὲ
667 1626 761 1663 τοῖσι
787 1624 972 1664 συνάπασι
1007 1620 1169 1663 ἄλλοισι·
1197 1620 1273 1662 α’πό
1293 1625 1440 1676 χρυσοῦ
1463 1619 1714 1677 ἀρξαμένοισι,

189 1680 364 1737 ἄργυρος,
396 1680 461 1721 καὶ
501 1679 673 1734 χαλκὸς,
704 1679 768 1721 καὶ
809 1679 929 1723 ἐσθὴς
960 1681 1122 1722 ποικίλη
1167 1683 1251 1721 etc.
1293 1691 1390 1733 pro.
1432 1678 1591 1735 χρυσὸς,
1627 1681 1716 1733 α’ργ.

187 1743 273 1780 etc.
334 1737 430 1780 Nec
450 1751 553 1781 vero
575 1739 708 1780 Jones
731 1738 1034 1791 significantur
1064 1737 1259 1792 incipere
1290 1737 1346 1777 ab
1382 1750 1492 1778 auro
1512 1737 1558 1778 in
1578 1736 1714 1778 bono-

186 1809 287 1839 rum
318 1809 500 1838 suorum
541 1797 892 1844 enumeratione,
930 1795 1006 1837 sed
1036 1796 1132 1843 alii,
1163 1796 1324 1850 quibus
1359 1796 1519 1849 placet,
1559 1797 1610 1835 ut
1643 1793 1715 1836 hic

186 1855 301 1910 ipse,
330 1855 407 1907 qui
441 1855 654 1908 loquitur.
713 1853 825 1895 Plat.
865 1852 1007 1896 Alcib.
1040 1854 1070 1894 i.
1096 1854 1195 1895 init.
1227 1852 1280 1894 τοὶ
1306 1852 1382 1909 ’γὰρ
1405 1851 1634 1907 ὑπάρχον-τοί
1663 1869 1717 1893 σοι

188 1914 350 1961 μεγάλα
368 1910 474 1961 εἶναι,
498 1913 593 1954 ὥστε
620 1911 780 1961 μηδενὸς
801 1909 964 1960 δεῖσθαι,
992 1910 1069 1952 ἀπὸ
1098 1916 1165 1953 τοῦ
1196 1912 1374 1957 σώματος
1404 1908 1599 1965 ἀρξάμενα
1629 1913 1715 1952 etc.

188 1969 339 2011 Strab.
359 1982 403 2013 X.
425 1970 469 2021 2,
491 1970 532 2012 7.
571 1969 680 2011 Ἀπὸ
698 1970 773 2025 ’γὰρ
797 1974 865 2011 τοῦ
886 1970 1080 2018 στὸματος
1109 1967 1330 2024 ἀρξαμένοις
1363 1967 1426 2008 καὶ
1447 1971 1514 2008 τοῦ
1531 1965 1717 2022 Ἀμβρα-

188 2031 295 2069 κικοῦ
309 2028 455 2069 κόλπου
475 2029 625 2084 πρῶτόν
643 2030 739 2069 ἐστιν
766 2026 1009 2082 Ἀκαρνάνων
1028 2028 1182 2082 χωρίον,
1202 2025 1247 2066 τὸ
1272 2024 1436 2066 ”Ακτιον
1452 2037 1462 2064 :
1497 2037 1595 2066 nam
1612 2022 1717 2066 inde

190 2098 221 2126 a
238 2083 451 2140 faucibus
479 2092 521 2128 et
539 2084 768 2127 Ambracio
797 2083 895 2125 sinu
919 2083 1110 2140 primum
1145 2087 1228 2125 etc.
1254 2088 1299 2125 et
1318 2097 1359 2124 x.
1382 2083 1423 2124 5.
1455 2081 1499 2123 2.
1531 2082 1585 2123 de
1605 2080 1719 2124 Delo

189 2142 360 2184 insula:
391 2141 617 2192 Τετίμηται
637 2143 676 2185 δὲ
708 2145 750 2183 ἐκ,
779 2147 954 2184 παλαιοῦ
987 2142 1047 2183 διαὶ
1066 2140 1153 2183 τοὺς
1176 2139 1286 2183 θεοὺς
1314 2140 1391 2182 ἀπὸ
1412 2144 1486 2181 τῶν
1512 2138 1718 2194 εΗρωῖκτῖιν

189 2200 335 2255 χρόνων
372 2199 582 2256 ἀρξαμένη.
643 2200 718 2242 Sic
753 2205 798 2242 et
831 2198 1034 2254 Xenoph.
1072 2198 1273 2253 Vectigg.
1307 2212 1349 2240 v.
1382 2197 1426 2238 3.
1485 2196 1719 2238 Sufficiunt

188 2257 284 2298 haec
302 2259 507 2312 exempla
525 2259 582 2300 ad
609 2258 962 2311 intelligendum,
994 2258 1041 2299 in
1075 2259 1276 2299 versione
1311 2257 1392 2297 hoc
1411 2253 1716 2309 participium,

189 2314 311 2367 quod
329 2314 422 2356 fere
444 2311 575 2358 rebus
593 2316 853 2358 inanimatis
872 2316 1008 2357 vitam
1023 2316 1206 2366 tribuat,
1235 2313 1463 2356 commode
1482 2311 1605 2354 reddi
1627 2323 1715 2354 non

189 2383 334 2429 posse.

810 2453 1094 2496 BAINEIN.

193 2583 197 2586 ⁴
251 2536 321 2579 De
357 2537 438 2578 hoc
467 2538 584 2578 recte
631 2539 675 2577 et
708 2536 825 2577 clare
857 2534 1090 2577 Fischerus
1129 2535 1176 2577 in
1217 2534 1451 2576 Animadv.
1492 2532 1718 2584 adweu.

196 2593 278 2637 Gr.
300 2595 367 2635 iii.
390 2594 432 2635 b.
453 2607 499 2648 p.
516 2593 588 2635 37.
621 2599 651 2618 “
675 2592 771 2635 Hoc
786 2594 968 2635 verbum
987 2593 1219 2634 infinitivis
1236 2594 1303 2634 vel
1320 2592 1570 2647 participiis
1589 2592 1715 2633 alior.

198 2659 228 2678 “
261 2652 434 2701 verbor.
471 2652 674 2704 junctum
719 2652 990 2692 celeritatem
1030 2653 1254 2692 actionum
1275 2650 1539 2704 ,exprimitf
1565 2649 1630 2690 ita
1666 2651 1719 2689 ut

196 2717 229 2748 ,⁴⁶
253 2709 386 2757 ,reddi
420 2709 520 2750 adv.
552 2707 715 2757 statim,
762 2707 968 2756 celeriter,
993 2707 1194 2750 continuo
1221 2708 1406 2762 possit.”
1466 2706 1540 2747 Sic
1572 2709 1721 2747 cetera.

194 2769 322 2812 bene.
384 2764 484 2807 Hoc
515 2780 650 2808 unum
681 2767 804 2820 justo
840 2767 1019 2819 gravius
1054 2767 1244 2813 videtur,
1277 2765 1394 2818 quod
1413 2762 1570 2817 Odyss.
1602 2761 1653 2804 B.
1676 2761 1719 2803 5.

200 2830 254 2874 βῆ
289 2827 320 2881 ῥ’
339 2823 434 2873 ,ἴμεν
457 2826 498 2864 ἐκ
519 2822 713 2872 θαλάμοιο
733 2825 883 2871 vertit,
907 2822 1129 2880 proripuit
1158 2837 1202 2865 se
1232 2837 1255 2864 e
1288 2820 1507 2868 cubiculo:
1538 2821 1581 2865 id
1602 2820 1722 2875 quod

163 2887 165 2890 ’
201 2884 456 2926 conveniret
474 2882 619 2923 verbis
640 2879 935 2930 ἐόϊξεπέτεσθαι,
965 2880 1017 2922 Il.
1040 2881 1093 2922 Φ.
1124 2879 1225 2923 247.
1285 2879 1572 2934 Simpliciter,
1593 2883 1722 2933 puto,

197 2939 524 2997 ,significatahoc
544 2940 758 2987 verbum,
775 2936 940 2983 naviter
956 2937 1142 2995 aliquem
1159 2935 1449 2985 contendisse;
1478 2949 1564 2980 non
1582 2934 1734 2995 segnif
