1838 3164
464 155 754 200 PRAEFATIO
782 144 1042 197 nnn-oms
1070 152 1363 194 HALENSIS.
1574 164 1679 192 xxxv

162 281 509 324 occurrentium:
541 278 713 336 quoties
732 291 839 332 ergo
872 277 966 318 haec
992 289 1140 318 earum
1174 279 1241 317 est
1262 275 1395 322 ratio,
1427 275 1677 316 numeravi-

163 336 263 383 mus
299 353 376 383 eas
409 339 571 381 litteris
604 337 832 391 alphabeti
862 335 1070 391 proefixis,
1100 334 1341 387 iisdemque
1359 333 1520 374 litteris
1545 334 1678 374 etiam

166 396 321 439 harum
350 391 911 447 observationum‘sedem‚
956 405 1166 448 quorsum
1205 391 1447 446 pertinent,
1493 390 1540 431 in
1581 391 1680 444 ipso

164 454 286 498 textu
306 444 608 505 indicafimus.
664 449 843 501 -Nomen
873 449 1095 498 auctoris,
1111 446 1188 503 qui
1208 447 1559 503 observationem
1576 460 1678 503 sup-

164 499 398 569 peditavit.
428 510 476 553 in
491 505 577 553 line
595 522 767 565 semper
785 503 1020 563 adjiciturx
1051 511 1095 550 et
1126 506 1165 549 si
1186 505 1382 562 plurium
1403 499 1679 547 eruditorum

165 568 493 618 observationes
511 569 588 611 uni
609 571 756 610 textus
775 567 868 609 sedi
902 563 1108 620 adligatae
1127 565 1424 620 reperiuntur,
1453 560 1552 606 istae
1584 562 1681 619 qui-

166 625 267 670 dein
285 638 437 671 omnes
471 627 536 668 ita
567 627 872 668 concurrentes
893 637 983 667 una
1015 626 1189 666 tantum
1227 617 1454 677 alphabeti
1482 619 1682 663 litterula.

166 683 346 750 praelixa
365 682 576 738 gaudent,
606 683 680 726 sed
710 678 900 730 secunda
919 682 1170 724 observatio
1189 693 1290 723 cum
1316 676 1612 734 sequentibus,
1643 678 1681 719 si

169 731 346 791 adsunt,
377 754 406 783 a
437 742 583 797 prima
616 755 695 796 per
725 741 983 783 asteriScum
1016 739 1160 781 denuo
1192 737 1437 793 praefixum,
1468 740 1513 778 et
1532 734 1580 778 in
1598 735 1683 778 fine

167 813 249 856 per
266 799 387 843 aliud
410 800 629 854 adjectum
660 800 850 840 auctoris
878 811 1037 840 nomen
1072 798 1395 839 discernuntur.
1454 791 1682 836 Interdum

169 861 315 900 autem
336 859 432 900 istae
452 857 798 904 observationes,
829 860 1043 910 tanquam
1069 854 1352 910 appendices,
1383 853 1429 894 in
1463 847 1682 894 fine'titu-

169 916 321 969 lorum⁴
340 915 514 964 additae,
543 919 588 957 et
622 915 744 956 nulla
778 915 928 966 littera
966 914 1208 967 insignitae,
1251 912 1544 966 reperiuntur,
1574 923 1683 965 prae-

170 974 314 1031 posito
338 977 488 1016 tamen
519 972 654 1016 etiam
675 967 875 1015 asterisci
896 970 1042 1026 sign0,
1075 974 1119 1013 et
1149 969 1302 1012 addito
1322 969 1369 1010 in
1389 968 1474 1010 fine
1493 968 1684 1011 auctoris

173 1032 363 1084 nomine.
551 1035 558 1042 ’

845 1112 882 1167 ᾖ.
913 1109 1013 1153 XX.v

230 1200 416 1256 Majoris
455 1199 782 1246 commoditatis
814 1205 861 1244 et
890 1201 1221 1258 perspicuitatis
1249 1199 1398 1255 gratia
1429 1201 1686 1242 contextum

173 1267 289 1315 saepe
324 1260 371 1302 in
402 1261 595 1302 minores
613 1261 824 1302 sectiones
846 1273 921 1302 seu
953 1260 1255 1315 paragraphos
1272 1257 1579 1300 distinximus:
1611 1269 1686 1298 no-

173 1317 295 1377 mina
326 1316 463 1360 etiam
495 1318 675 1372 propria
713 1322 953 1367 auctorum,
983 1317 1061 1371 qui
1095 1318 1307 1364 citantur,
1337 1329 1424 1357 non
1459 1315 1688 1356 decurtata

173 1375 428 1434 scriptione,
457 1375 535 1417 sed
550 1375 720 1429 integre
739 1374 918 1429 scripta,
949 1388 1088 1431 eaque
1109 1374 1270 1416 litteris
1292 1368 1559 1425 majusculis,
1589 1385 1687 1426 quae

174 1445 204 1474 a
220 1432 461 1488 typothetis
482 1433 694 1488 capitales
713 1445 855 1488 parvoe
876 1434 1022 1475 vocari
1045 1434 1200 1483 solent,
1231 1429 1385 1473 excudi
1407 1431 1686 1476 curavimus;

174 1490 483 1546 inscriptiones
503 1503 605 1532 vero
623 1490 833 1532 librorum
852 1490 1054 1533 formulis
1079 1490 1328 1532 litterarum
1357 1486 1688 1538 inclinatarum,

177 1558 275 1605 quae
295 1549 427 1604 ‘vulgo
446 1548 626 1592 cursivae
644 1549 944 1599 nominantur,
972 1542 1160 1592 exscribi
1172 1547 1399 1602 Jussimus.
1460 1598 1461 1601 Ἰ

841 1631 877 1694 ς.
908 1635 1028 1682 xxi

235 1719 306 1764 Ne
324 1721 587 1765 accuratiori
610 1726 654 1764 et
687 1722 895 1764 limatiori
917 1723 1047 1776 hujus
1082 1722 1183 1763 libri
1204 1715 1482 1776 impressioni
1518 1715 1688 1775 aliquid

179 1779 364 1828 deesset,
387 1793 522 1834 quum
542 1780 719 1834 quidem
739 1785 784 1822 et
814 1781 953 1821 bonus
973 1781 1136 1822 alicubi
1155 1779 1361 1821 dormitet
1382 1777 1616 1824 Homerus,
1645 1780 1691 1818 et

178 1837 292 1879 oculi
312 1838 412 1892 plus
431 1838 579 1880 videre
601 1839 785 1886 soleant,
816 1851 950 1891 quam
970 1839 1136 1884 oculus,
1167 1841 1216 1877 ut
1248 1836 1481 1890 proverbio
1501 1835 1687 1876 dicitur:

179 1894 336 1936 sumsit
355 1895 441 1936 sibi
461 1909 541 1951 per
560 1897 759 1949 singulas
787 1896 990 1950 plagulas
1010 1895 1146 1936 totius
1178 1894 1281 1936 libri
1301 1893 1691 1949 pei-lustrationem

181 1955 227 1992 et
244 1953 507 1994 revisionem
525 1951 605 1994 Vir
625 1954 777 1994 doctus
796 1957 842 1994 et
863 1954 909 1994 in
930 1953 1009 1994 hoc
1030 1953 1273 1994 studiorum
1292 1965 1451 2004 genere
1483 1951 1691 1991 exercita-

182 2007 272 2058 tus,
303 2011 427 2063 cujus
447 2010 679 2063 diligentia
711 2011 758 2051 in
792 2011 874 2052 hoc
908 2011 1120 2065 opusculo
1149 2009 1347 2051 adhibita
1380 2008 1615 2051 lectoribus
1645 2020 1691 2049 se

184 2067 293 2110 satis
311 2068 651 2110 commendabit.

826 2152 862 2207 g.
895 2149 1036 2193 xxn.

238 2240 305 2284 Ut
342 2243 560 2286 sumtibus
595 2255 888 2299 parceremus,
919 2256 973 2285 ne
1008 2243 1141 2286 moles
1181 2243 1283 2285 libri
1315 2242 1501 2285 nimium
1526 2253 1694 2283 excres-

183 2304 316 2352 ceret,
356 2303 585 2344 omisimus
615 2302 912 2344 dedicationes
952 2300 1252 2354 Schoettgenii
1287 2305 1331 2342 et
1361 2298 1574 2346 Leisneri‚
1616 2312 1696 2340 nec

185 2370 273 2400 non
301 2358 455 2401 horum
474 2360 666 2401 virorum
701 2359 981 2414 praefationes
1013 2372 1070 2400 ex
1087 2365 1214 2414 parte
1241 2358 1433 2413 prolixas
1450 2357 1695 2398 editionum

185 2415 554 2465 antecedentium,
586 2418 745 2464 tertiae,
777 2422 962 2469 quartae,
989 2418 1154 2470 quintae
1192 2422 1236 2458 et
1276 2421 1409 2458 sextae
1435 2429 1445 2462 ;
1477 2427 1588 2468 quas
1616 2413 1694 2468 qui

182 2475 327 2527 legere
355 2475 493 2529 cupit,
525 2475 654 2516 adeat
682 2475 895 2515 editiones
931 2475 1176 2529 superiores
1207 2478 1252 2516 et
1279 2475 1491 2528 majorem
1521 2471 1696 2514 Norim-

185 2531 457 2584 bergensem,
485 2533 562 2574 ubi
597 2545 670 2574 eas
699 2533 909 2574 inveniet.
968 2531 1020 2573 In
1055 2545 1204 2574 earum
1240 2533 1381 2574 locum
1402 2524 1515 2572 hanc
1536 2542 1696 2571 novam

183 2589 491 2643 praefationem
511 2590 844 2637 substituimus;
876 2593 921 2631 et
957 2603 1055 2644 quae
1088 2591 1140 2631 de
1170 2590 1356 2632 historia
1384 2588 1578 2640 fatisque
1612 2588 1695 2628 ele-

186 2646 334 2699 gantis
356 2647 492 2688 libelli
515 2648 677 2689 moneri
696 2648 926 2698 debebant,
957 2649 1003 2689 in
1034 2661 1171 2689 unum
1205 2649 1399 2694 collecta,
1431 2645 1505 2688 hic
1525 2644 1695 2686 lectori-

186 2703 268 2746 bus
289 2705 571 2759 proponenda
602 2705 867 2747 censuimus.
928 2704 1239 2747 Praefationem
1274 2718 1374 2747 vero
1409 2703 1549 2758 ipsius
1569 2701 1698 2743 Lam-

185 2760 302 2804 berti
335 2760 438 2811 Bos,
468 2763 666 2804 secundae
714 2763 820 2803 olim
856 2762 1038 2805 editioni
1073 2762 1423 2818 Franequeranae
1455 2761 1696 2815 praefixam,

188 2820 395 2876 quaedamv
408 2821 520 2862 scitu
540 2821 783 2862 necessaria
800 2821 1114 2869 continentem,
1146 2822 1347 2876 lectuque
1365 2820 1562 2873 dignam,
1592 2818 1696 2859 reti-

186 2889 306 2935 nere,
336 2881 536 2920 nostrum
551 2891 645 2921 esse
666 2878 934 2934 putavimus.
