1838 3164
563 169 886 213 -PLEONASMI
912 169 1235 212 VERBORUM.
1607 163 1664 207 57

154 282 233 328 ter,
251 294 328 325 nec
344 279 600 340 interposita
630 297 773 331 mon-‚-
779 296 1053 340 progressum
1084 296 1187 326 esse.
1248 280 1367 324 Nam
1402 279 1666 325 Antilochus

150 340 715 392 cognitamortePitr-ocli,
734 342 818 383 etsi
837 343 1032 394 graviter
1056 342 1242 383 affectus
1256 343 1302 381 et
1315 340 1447 394 plane
1465 344 1666 394 stupens,

152 398 305 440 tamen
322 411 423 441 cum
441 412 470 440 a
490 399 694 441 Menelao
707 399 858 452 Jussus
877 402 996 441 esset
1012 411 1189 440 currere
1207 397 1265 438 ad
1283 394 1515 445 Achillem,
1534 398 1666 450 eique

153 457 360 498 nuntiare
380 455 496 500 hunc
514 469 681 511 casum,
703 454 780 496 οὐδ’
810 455 861 497 ὣς
883 454 1091 498 Μενελάου
1115 455 1355 509 ἐφημοσύνης
1383 456 1571 505 ἀμέλησε,
1603 453 1665 500 Biz

151 509 194 554 δὲ
208 510 320 555 δέειν.
333 537 338 541 ,
351 511 404 555 11.
438 513 534 557 697.
571 527 609 557 s.
667 511 725 555 Et
763 511 971 557 Minerva
1006 512 1163 568 Odyss.
1198 510 1255 553 A.
1299 509 1391 553 102.
1426 515 1667 566 postquam

150 583 253 613 cnm
270 571 439 628 impetu
476 573 720 615 evolaverat
750 572 805 612 de
838 573 952 615 coelo
984 570 1181 627 (ἀΐξασαὴ
1214 573 1310 611 tum
1338 570 1411 616 βῆ,
1440 566 1598 611 cccv-iter
1615 568 1667 610 in

152 628 311 671 itinere
330 630 559 684 proposito
590 628 823 672 contendit.
883 630 972 672 Sed
989 632 1183 673 ceterum
1212 626 1553 682 explicationem
1572 624 1667 668 Fis-

153 685 274 741 cheri
286 688 391 729 -looa
409 687 505 741 ipsa
523 692 716 730 tuentur.
776 688 958 731 Accedit
977 692 1146 736 autem,
1166 685 1286 740 quod
1304 687 1351 726 et
1368 683 1534 738 βαδίζειν
1553 684 1668 726 eele-

149 743 328 787 ritatem
343 746 555 799 exprimit
572 745 632 800 (v.
657 745 854 788 Dorville
871 747 928 788 ad
949 743 1124 788 charit.
1142 757 1189 802 p.
1210 742 1313 787 380.
1331 741 1398 784 ed.
1417 740 1567 798 Lips.)
1584 754 1668 785 nec

150 813 239 844 mn
265 799 452 857 ’ἔρχεσθαι
476 806 522 845 et
550 804 655 852 ἰέναι,
675 804 730 846 de
748 805 911 857 quibus
930 804 1067 847 infra.

719 893 1072 938 ΒΑΛΛΕΣΘΑΙ
1079 926 1091 938 .

205 968 309 1024 Ap.
343 967 615 1012 Herodotum
661 971 895 1024 aliquoties
928 969 1119 1013 occurrit
1154 965 1379 1017 βάλλεσθαι
1409 964 1470 1020 ἐφ’
1507 966 1666 1012 ἑαυτοῦ,

149 1025 469 1080 significatione
500 1028 633 1070 dubia
652 1032 696 1070 et
726 1030 848 1071 fonte
882 1028 1004 1084 tropi
1037 1028 1222 1070 incerto.
1283 1024 1399 1068 Cum
1428 1026 1580 1066 autem
1603 1022 1664 1075 ἐφ’

148 1087 287 1127 ἑαυτοῦ
303 1097 378 1139 ap.
397 1086 545 1140 ipsum
565 1090 610 1127 et
628 1087 740 1128 alios
760 1089 819 1129 sit
818 1094 998 1187 degente,
1017 1086 1194 1129 facilius
1209 1084 1311 1137 quis
1330 1082 1512 1151 [erbum
1530 1088 1668 1122 πλεον-

149 1141 250 1198 άζειν
268 1147 395 1196 putet
416 1144 503 1185 illis
523 1145 710 1193 locis,ut
728 1159 770 1187 v.
795 1146 813 1187 l
862 1146 889 1187 ’.
919 1145 1022 1200 εἴπερ
1042 1161 1080 1185 τι
1110 1148 1292 1190 τοιοῦτον,
1321 1150 1393 1182 οῖον
1422 1157 1469 1180 συ
1493 1137 1666 1193 εἴρηκας,

147 1199 311 1253 ‘arpalum
330 1202 348 1241 ὅ
367 1200 459 1249 ἐμὸς
478 1203 694 1257 ἐπίτροπος,
726 1201 805 1244 ἴσθι
839 1203 955 1245 αὐτὸν
988 1204 1048 1243 ἐπ’
1070 1205 1212 1244 {maros
1242 1198 1483 1248 βαλλόμενον
1509 1210 1666 1250 πετρω-

149 1259 293 1309 χέναιε
341 1256 394 1300 Si
411 1257 496 1300 tale
527 1258 646 1316 quid,
667 1260 791 1317 quale
818 1266 867 1303 tu
897 1258 1069 1307 disis-ti,
1098 1263 1230 1316 parat
1255 1268 1374 1298 meus
1395 1258 1667 1319 procuratos,

148 1313 255 1356 scito
273 1327 371 1357 eum
380 1321 549 1372 sponte.
569 1347 578 1356 .
601 1348 611 1358 .
636 1332 815 1373 parasse
846 1319 939 1360 sive
972 1316 1122 1374 egisse.
1183 1315 1270 1357 Sed
1291 1313 1470 1360 rectius,
1499 1315 1553 1352 ut
1569 1322 1668 1364 opl-

148 1383 248 1420 nor,
267 1373 490 1421 vertimus,
501 1373 550 1415 in
567 1387 612 1415 se
622 1375 867 1432 suscepisse,
887 1382 937 1418 ut
956 1374 1006 1416 id
1024 1379 1182 1431 ageret.
1240 1371 1312 1414 Cf.
1330 1369 1491 1413 AElian.
1521 1366 1579 1409 V.
1597 1364 1663 1408 H.

145 1429 196 1470 ii.
217 1427 258 1470 4.
279 1430 358 1471 ubi
373 1428 567 1472 Scheffer
586 1437 632 1474 et
649 1431 678 1474 J
681 1434 804 1475 oach.
837 1432 971 1475 Kuhn
992 1435 1172 1475 vertunt
1188 1429 1372 1487 recipere
1389 1426 1441 1469 in
1456 1440 1518 1474 se,
1546 1423 1668 1478 quod

146 1487 215 1529 illi
244 1487 342 1528 loco
361 1491 429 1530 est
448 1489 741 1543 aptissimum.
803 1491 891 1532 Sed
909 1496 1060 1533 tamen
1080 1503 1170 1531 non
1190 1489 1285 1530 sine
1305 1487 1476 1529 ratione
1493 1483 1667 1531 βάλλεσ-

146 1542 217 1591 θαι
229 1544 328 1598 quis
346 1550 485 1588 vertat
497 1547 776 1598 considerare,
796 1548 967 1606 agitare
995 1547 1140 1591 animo
1158 1560 1170 1595 ;
1200 1549 1246 1587 et
1267 1546 1324 1597 ἐφ’
1356 1545 1493 1586 ἑαυτοῦ
1512 1539 1666 1582 adver-

147 1601 221 1643 bio
249 1602 433 1644 seorsim.
495 1603 593 1646 Hoc
611 1605 741 1648 sensu
764 1609 819 1660 ἐφ’
842 1611 981 1649 ἑαυτοῦ
1000 1605 1190 1649 occurrit
1211 1603 1259 1645 ii.
1280 1601 1326 1644 2.
1348 1602 1407 1643 ix.
1433 1597 1498 1641 17.
1524 1602 1571 1641 et
1587 1596 1662 1640 38.

150 1662 195 1700 et
213 1658 337 1701 alibi.
368 1658 470 1703 vid.
490 1659 753 1705 Valkenaer.
773 1665 831 1705 ad
852 1666 944 1706 viii.
959 1663 1033 1705 32.

718 1755 1094 1798 ΒΟΥΛΕΣΘΑΙ.

205 1825 303 1870 Hoc
326 1828 506 1870 verbum
537 1841 652 1882 saepe
672 1829 895 1883 prolixum
924 1829 1119 1871 studium
1148 1831 1193 1870 et
1229 1829 1454 1882 promtum
1482 1823 1540 1866 ad
1569 1834 1666 1865 rem

145 1886 365 1938 agendam
385 1886 583 1928 animum
601 1887 836 1939 significat.
895 1886 1126 1941 Aristoph.
1142 1884 1259 1927 Plut.
1279 1883 1383 1927 290.
1402 1896 1460 1924 ss.
1480 1879 1566 1923 Καὶ
1584 1880 1668 1930 μὴν

90 1964 95 1969 ·
147 1942 224 1990 ἐγῶ·
243 1943 486 1991 βουλήσομαι
509 1974 520 1984 .
546 1974 557 1984 .
580 1974 590 1984 .
610 1946 709 1991 ὑμεῖς
734 1943 835 1994 ἄγειν
857 1960 867 1986 :
899 1950 943 1987 et
965 1946 1066 1988 318.
1089 1959 1147 1987 ss·
1169 1944 1246 1994 ἐγὼ
1266 1943 1320 1992 δ’,
1341 1945 1401 1987 idne
1419 1941 1512 1990 ἤδη,
1530 1939 1669 1996 λάθρα

145 2000 388 2048 Boukinna-at
410 2006 478 2042 τοῦ
493 2000 676 2042 δεσπότου
699 2033 709 2043 -
734 2035 745 2046 .
765 2037 775 2046 .
797 2010 852 2061 τῷ
868 2005 973 2061 κόπῳ
994 2003 1164 2054 ξυνεῖναι.
1221 2002 1293 2044 Ad
1311 2014 1488 2044 sensum
1507 1998 1667 2042 ceteris

148 2062 305 2112 aptum
326 2059 438 2100 nihil
458 2058 692 2107 desideres,
723 2062 763 2103 si
799 2063 1058 2117 simpliciter
1074 2062 1241 2104 dictum
1259 2060 1335 2112 sit,
1368 2059 1444 2109 ἐγὼ
1462 2089 1474 2099 .
1496 2087 1508 2098 .
1531 2086 1544 2098 .
1561 2057 1668 2103 ὑμᾶς

149 2114 247 2165 ἔξω,
279 2119 326 2158 et
356 2116 432 2164 ἐγὼ
452 2147 462 2157 ·
490 2148 500 2158 ·
527 2147 538 2158 ι
560 2115 773 2169 ξυνέσομαι.
830 2119 981 2175 Ipsum
1008 2121 1144 2162 etiam
1172 2120 1374 2161 futurum
1404 2114 1666 2165 βουλήσομαι,

147 2172 196 2218 in
219 2173 302 2215 hac
316 2175 461 2229 prima
481 2174 672 2216 maxime
689 2191 892 2232 persona,
927 2179 1116 2232 alicujus
1135 2178 1268 2219 studii
1299 2173 1668 2230 significationem

148 2231 297 2274 habet.
355 2231 475 2274 Nam
505 2245 603 2285 quae
623 2237 838 2284 volumus,
869 2249 923 2277 ea
941 2250 1021 2290 per
1042 2250 1089 2278 se
1122 2239 1226 2277 sunt
1244 2235 1414 2281 futura,
1448 2243 1538 2272 non
1555 2242 1666 2285 prae-

146 2289 306 2331 sentia.
365 2289 532 2339 Quodsi
546 2291 599 2331 de
617 2290 767 2336 futura
786 2295 1011 2335 voluntate
1027 2297 1179 2335 nostra
1191 2292 1506 2346 significamus,
1522 2299 1669 2342 prom-

147 2349 535 2391 tam.voluntatem
556 2361 635 2390 nos
655 2352 928 2394 ostendimus
957 2352 1167 2393 allaturos
1194 2364 1304 2398 esse,
1325 2362 1415 2403 qua
1433 2348 1669 2388 vincantur

149 2415 217 2454 ea,
235 2418 333 2458 quae
366 2411 540 2448 mutata
559 2411 636 2448 aut
670 2424 767 2452 sero
785 2411 964 2463 cognita
997 2409 1229 2451 consilium
1262 2410 1464 2450 nostrum
1496 2406 1670 2463 mutare

148 2464 332 2514 possint.
403 2464 490 2506 Sed
519 2468 667 2508 tamen
708 2469 791 2510 hoc
826 2468 1106 2522 pertinaciter
1143 2479 1300 2519 urgere
1337 2465 1490 2507 nolim.
1562 2460 1667 2503 Non

147 2531 465 2575 usquequaque
484 2523 548 2564 sic
579 2525 883 2581 philosophari
918 2525 966 2566 in
998 2525 1164 2579 linguis
1188 2525 1304 2566 licet.
1364 2522 1453 2564 Sed
1470 2522 1667 2563 ceterum

148 2577 234 2618 vid.
266 2577 560 2622 ΕΘΕΛΕΙΝ.

206 2636 250 2678 2.
281 2636 499 2679 Βούλεσὲαι
518 2637 607 2681 εἶναι
636 2643 787 2695 potest
803 2641 903 2694 quis
934 2639 1219 2695 interpretari
1238 2652 1320 2695 per
1339 2638 1529 2691 simplex
1546 2632 1636 2676 εἶναι
1652 2647 1665 2674 :

150 2697 197 2736 et
230 2699 297 2737 est
333 2709 438 2737 sane
467 2696 612 2739 idem:
645 2698 720 2739 sed
746 2702 842 2739 tum
875 2696 964 2740 εἶναι
998 2699 1111 2740 verti
1138 2699 1268 2741 debet
1295 2694 1547 2754 significare
1573 2693 1670 2734 sive

149 2751 485 2794 similitudinem
516 2754 703 2811 alicujus
729 2756 797 2798 rei
825 2755 998 2812 referre,
1031 2769 1119 2810 quo
1155 2769 1284 2798 sensu
1317 2768 1434 2809 saepe
1471 2752 1667 2807 ponitur·

151 2808 308 2863 Itaque
326 2812 410 2853 etsi
429 2824 500 2866 ap.
523 2811 754 2854 Platonem
774 2815 822 2855 in
857 2812 1034 2866 Cratylo
1050 2828 1095 2869 p.
1115 2813 1216 2856 291.
1238 2826 1274 2854 s.
1306 2813 1470 2854 dicitur
1498 2808 1595 2858 γυνὴ
1629 2805 1668 2846 δέ

153 2885 218 2916 μοι
241 2870 413 2922 φαίνεται
432 2869 642 2917 βούλεσθαι
673 2869 779 2919 εἶναι,
811 2875 858 2913 et
876 2885 923 2925 p.
954 2870 1057 2914 309.
1090 2874 1249 2915 τοιαύτη
1268 2887 1337 2913 τις
1361 2871 1541 2918 {ficulna-o
1560 2862 1669 2911 Εἶναί,

153 2925 215 2969 οῖσι
233 2925 385 2974 δηλοῦν,
415 2926 706 2981 similiterque
739 2943 785 2984 p.
819 2929 918 2971 320.
948 2942 1000 2971 ac
1028 2930 1233 2986 deinceps
1265 2942 1311 2986 p.
1330 2925 1432 2971 322.
1467 2925 1668 2972 ὀνόματῡς,

347 2983 478 3029 &dms
498 2985 599 3029 ἐστὶν
624 2986 744 3037 αὕτη,
763 2988 849 3033 ἥτις
874 2986 1090 3040 ἐνδέίξεται,
1109 2987 1182 3032 οἷον
1202 2989 1282 3031 ἐστι
1302 2986 1347 3030 τὸ
1365 2987 1539 3042 πρᾶγμα
1557 2994 1570 3023 :
1587 2983 1669 3022 -ta-
