1838 3164
598 141 660 180 IN
689 138 893 181 GRAECA
920 137 1148 182 LINGUA;
1401 147 1404 150 '
1570 137 1648 181 165

122 251 439 301 ³²0⁴>refutetur,
469 253 615 308 primo
634 253 869 296 videndum
888 255 972 304 est,
990 268 1087 308 quae
1108 255 1167 296 sit
1184 256 1396 310 cuiusque
1413 268 1539 298 casus
1563 256 1647 302 vis,

120 309 198 352 ob
216 321 352 364 quam
371 311 464 365 regi
499 324 527 353 a
557 312 939 366 praepositionibus
969 313 1231 367 quibusdam
1266 313 1461 360 dicatum
1490 314 1648 355 deinde

116 369 200 428 ¹mi
213 368 370 411 cadem
392 368 459 411 vis
479 369 539 411 sit
557 370 604 411 in
625 369 695 411 his
714 370 835 417 locis,
858 372 905 412 in
923 371 1083 424 quibus
1102 371 1224 412 nulla
1252 371 1425 423 adjecta
1453 375 1521 412 est
1539 385 1647 425 prae-

118 426 319 525 ‘ppg—iltio.
379 425 476 469 Hoc
490 428 610 470 enim
631 427 669 468 si
698 426 983 481 effecerimus,
1001 431 1159 485 sponte
1179 428 1469 482 intelligetur,
1501 429 1646 484 ellipsi

136 495 186 524 m
218 497 233 525 1
267 496 380 540 opus
398 498 508 527 esse.

621 573 717 616 VII.
747 573 816 616 De
852 574 936 618 Usu
957 575 1162 618 Genitz'vi.

193 647 259 692 Ac
276 650 447 704 primus
468 649 884 690 commemorabitur
902 650 1142 703 genitivus,
1161 662 1248 703 quo
1269 649 1313 691 in
1348 662 1451 691 casu
1474 648 1646 690 mirum

120 705 183 748 in
205 706 383 749 modum
402 707 652 749 luxuriatur
672 707 826 760 lingua
845 707 1112 750 Graecorum.
1173 706 1334 756 Quare,
1363 707 1480 761 quod
1500 707 1649 757 sciam,

134 763 328 807 nondum
346 770 547 819 repertus
566 769 650 811 est,
671 765 746 817 qui
768 778 945 806 omnem
978 765 1101 806 illam
1135 765 1443 819 loquutionum
1473 764 1647 818 copiam

131 822 478 869 ‹vt-varietatem,
501 823 548 864 in
567 822 728 875 quibus
750 822 821 864 hic
852 836 979 864 casus
1010 823 1279 870 dominatur,
1309 823 1372 864 sic
1389 822 1647 876 explicaret,

126 881 276 921 uvea
308 880 545 934 explicatio
581 880 647 921 vel
688 881 838 933 aliquo
869 881 998 922 modo
1032 882 1096 922 rei
1137 881 1390 932 satisfacere
1428 879 1645 921 videatur.

132 933 249 978 Illud
283 937 462 989 quidem
499 938 589 981 alio
618 937 713 978 loco
745 939 802 979 ab
836 939 964 980 nobis
997 938 1347 979 demonstratum
1367 942 1450 986 est,
1487 938 1648 991 geniti-

133 1005 237 1039 vum
270 995 447 1049 proprie
475 1008 566 1037 rem
596 995 808 1046 indicare,
842 997 968 1049 cujus
998 996 1168 1049 aliquid
1201 994 1397 1036 accidens
1429 996 1505 1036 sit.
1566 994 1742 1040 La-137

132 1051 303 1098 tissime
329 1057 480 1095 autem
514 1057 639 1109 patet
671 1054 907 1095 accidentis
942 1054 1078 1105 notio,
1108 1053 1336 1094 mutabilis
1366 1053 1442 1094 illa
1471 1066 1553 1107 pro
1579 1066 1647 1094 ra-

132 1110 272 1158 tione,
291 1122 380 1163 qua
400 1123 493 1152 rem
513 1111 776 1154 consideres,
836 1109 911 1152 Sic
931 1111 1045 1152 filius
1073 1111 1214 1165 patris
1245 1114 1289 1151 et
1315 1115 1442 1164 pater
1461 1111 1556 1160 filii,
1586 1112 1649 1152 sic

131 1178 259 1210 amor
275 1167 437 1210 dicitur
470 1170 672 1223 alicujus,
707 1168 799 1210 sive
834 1181 982 1210 amare
1002 1181 1102 1210 eum
1134 1170 1226 1209 sive
1254 1169 1396 1209 amari
1427 1169 1648 1222 intelliga-

133 1236 247 1268 mus.
308 1223 524 1280 Exempla
557 1227 755 1282 quaedam
795 1226 1046 1279 hujusmodi
1081 1226 1178 1267 vide
1213 1226 1331 1280 apud
1363 1224 1649 1267 Schaeferum

130 1294 180 1336 p·
212 1281 313 1325 457.
385 1282 514 1332 Quod
540 1285 627 1326 nisi
661 1289 827 1325 temere
860 1285 1011 1325 omnia
1040 1284 1269 1325 miscuisse
1298 1287 1344 1324 et
1363 1284 1648 1337 perturbasse

132 1339 313 1383 Graecos
352 1342 603 1389 statuimus,
639 1342 684 1383 in
720 1341 840 1382 omni
872 1355 954 1383 usu
996 1341 1182 1394 genitivi
1225 1341 1281 1382 ad
1314 1342 1504 1395 primam
1525 1341 1649 1382 illam

128 1397 496 1452 significationem
515 1399 784 1440 redeundum
825 1399 928 1445 erit,
962 1398 1302 1450 videndumque,
1337 1398 1556 1450 quomodo
1577 1399 1650 1440 hic

130 1455 336 1499 casus-ad
354 1459 448 1498 tam
467 1456 664 1498 diversos
682 1460 861 1508 tamque
893 1455 1134 1503 dissimiles
1164 1468 1233 1495 res
1266 1455 1466 1496 adhiberi
1496 1460 1650 1509 potue-

131 1513 207 1555 rit.
265 1511 318 1555 In
336 1526 428 1568 qua
446 1527 494 1555 re
524 1514 633 1555 illud
661 1518 811 1556 tamen
846 1513 959 1556 bene
990 1512 1231 1554 tenendum
1255 1516 1337 1560 est,
1370 1513 1578 1567 pleraque
1605 1513 1649 1555 in

131 1569 386 1624 linguarum
405 1571 757 1613 conformatione
789 1571 977 1612 obscuro
995 1583 1125 1612 sensu
1161 1571 1274 1624 regi,
1304 1570 1429 1622 cujus
1461 1570 1499 1612 si
1519 1571 1650 1613 modo

132 1627 264 1671 initia
282 1631 527 1680 teneamus,
554 1628 774 1681 reliquum
793 1629 890 1681 ejus
909 1641 1085 1670 cursum
1105 1628 1311 1680 persequi
1332 1641 1419 1668 non
1449 1641 1546 1669 esse
1566 1629 1650 1670 dif-

132 1684 259 1727 ficile.
331 1685 450 1728 Nam
482 1686 556 1738 qui
586 1686 721 1739 primi
755 1686 952 1737 aliquam
986 1685 1210 1725 notionem
1239 1685 1331 1726 alio
1363 1685 1649 1734 deflexerunt,

133 1741 216 1784 hos
235 1744 281 1785 in
298 1755 353 1785 ea
370 1757 418 1785 re
437 1743 608 1797 aliquid
619 1743 774 1796 judicii
791 1742 1046 1784 adhibuisse
1067 1754 1242 1783 necesse
1261 1747 1350 1784 est:
1383 1742 1440 1783 ab
1462 1743 1531 1783 his
1549 1744 1651 1785 reli-

133 1800 212 1854 qui
231 1800 322 1844 ista
338 1814 461 1855 paene
482 1801 727 1843 nescientes
743 1804 968 1855 accepere,
987 1812 1099 1853 quos
1116 1812 1206 1841 non
1226 1800 1384 1840 mirum
1396 1802 1462 1841 est
1476 1812 1530 1841 ea
1549 1800 1650 1842 dein

132 1857 268 1900 latius
287 1859 551 1910 extendisse,
580 1871 712 1914 quam
735 1859 923 1900 fortasse
942 1857 1174 1905 debebant,
1196 1857 1362 1912 quippe
1385 1870 1495 1898 verae
1515 1859 1649 1901 ratio-

74 1958 80 1964 ,
134 1915 205 1957 nis
225 1917 310 1959 sibi
331 1930 416 1961 non
434 1929 647 1958 conscios.

190 1972 334 2028 Igitur
354 1975 575 2029 genitivus
609 1986 745 2027 quum
767 1987 857 2015 rem
879 1973 1059 2020 indicet,
1093 1973 1217 2026 cujus
1246 1972 1367 2013 aliud
1396 1973 1504 2026 quid
1539 1975 1650 2016 acci-

129 2031 241 2074 dens
260 2031 335 2079 sit,
370 2032 416 2074 id
437 2033 481 2075 in
501 2033 654 2086 paucis
679 2035 854 2072 tantum
886 2031 1284 2088 praepositionibus,
1321 2043 1423 2082 quaa
1436 2038 1548 2073 cum‘
1571 2033 1652 2074 hoc

130 2102 233 2132 casu
253 2095 585 2139 construuntur,
611 2090 764 2144 paullo
796 2089 1024 2131 obscurius
1052 2092 1150 2135 est;
1183 2089 1228 2129 in
1261 2088 1484 2141 plerisque
1504 2090 1650 2143 primo

132 2147 360 2202 adspectu,
401 2161 480 2189 cur
526 2148 771 2201 genitivum
816 2146 902 2188 sibi
946 2146 1207 2202 adjungant,
1252 2151 1452 2199 apparet.
1531 2146 1650 2188 Nam

131 2217 271 2259 quum
300 2206 347 2246 in
368 2207 453 2256 his,
486 2218 584 2258 quae
620 2218 765 2246 rerum
797 2204 1038 2246 accidentia
1070 2216 1098 2244 a
1118 2203 1392 2257 philosophis
1421 2208 1648 2252 vocantur,

131 2264 268 2305 etiam
287 2267 436 2318 partes
467 2265 680 2316 cujusque
709 2263 774 2303 rei
809 2265 1110 2309 numerentur,
1145 2261 1238 2301 haec
1262 2260 1402 2314 partis
1433 2262 1649 2314 significa-

131 2322 212 2368 tio,
232 2333 332 2374 quae
363 2334 488 2376 paene
518 2321 682 2373 ubique
712 2320 957 2374 genitivum
987 2320 1237 2365 comitatur,
1267 2318 1313 2358 in
1351 2318 1506 2360 harum
1537 2333 1648 2374 prae-
1665 2326 1743 2368 138

132 2378 403 2433 positionum
421 2380 742 2420 constructione
775 2376 1138 2418 manifestissima
1156 2381 1240 2417 est.
1302 2375 1376 2416 Sic
1396 2377 1489 2424 ἀπὸ,
1520 2379 1647 2433 παρὰ,

131 2435 244 2491 πρὸς,
265 2435 355 2484 ὑπὸ,
377 2434 434 2485 ἐξ,
455 2436 633 2490 proprie
652 2436 698 2477 id
729 2436 997 2489 significant,
1017 2435 1134 2487 quod
1168 2434 1416 2487 cujuspiam
1450 2435 1514 2475 rei
1544 2448 1647 2489 pars

133 2497 218 2540 est,
236 2493 313 2534 sed
333 2506 387 2534 ea
405 2494 525 2540 tal-is,
543 2506 644 2547 quae
662 2494 720 2534 ab
743 2494 823 2533 hac
842 2506 888 2534 re
921 2491 1241 2546 proficiscatur,
1262 2504 1403 2544 eoque
1429 2492 1485 2532 ab
1506 2505 1560 2534 ea
1579 2506 1647 2535 se-

130 2553 323 2606 paretur.
383 2549 555 2592 Deinde
575 2550 651 2598 διὰ,
673 2551 751 2601 ἐπὶ,
772 2550 892 2597 κατὰ,
913 2550 1022 2604 ὑπὲρ,
1040 2550 1086 2589 id
1115 2549 1332 2598 indicant,
1346 2551 1463 2600 quod
1491 2554 1558 2592 est
1578 2554 1645 2592 vel

131 2609 182 2650 fit
200 2607 247 2649 in
261 2608 412 2662 aliqua
429 2609 494 2649 rei
513 2608 760 2662 cuiuspiam
773 2612 919 2663 parte:
953 2612 1002 2648 ut
1023 2607 1110 2648 Διὰ
1123 2608 1194 2653 μὲν
1211 2605 1367 2647 ἀσπίδος
1381 2605 1482 2649 ἦλθε
1494 2612 1647 2660 <paenis

129 2665 284 2722 iisspmov
321 2667 456 2719 37x05·
516 2665 671 2719 Neque
704 2666 793 2706 alia
822 2666 938 2706 ratio
970 2669 1037 2705 est
1068 2664 1431 2718 praepositionum
1465 2665 1566 2718 ἀμφὶ
1600 2670 1646 2706 et

106 2724 238 2779 περὶ,
258 2736 439 2779 quarum
470 2712 712 2879 altera*
738 2723 854 2778 quod
881 2722 939 2763 ab
972 2726 1157 2774 utraque
1176 2729 1318 2775 parte,
1339 2722 1496 2769 altera,
1527 2724 1644 2775 quod

129 2780 189 2821 ab
207 2783 327 2822 omni
346 2786 472 2835 parte
491 2786 575 2828 est,
632 2780 634 2783 ⁴
717 2781 846 2821 iticat.
907 2779 1120 2821 Proximae
1150 2779 1218 2820 his
1246 2783 1348 2819 sunt
1380 2779 1465 2819 α’ντῖ
1484 2785 1530 2819 et
1549 2781 1643 2834 πρὸ,

129 2851 319 2892 quarum
339 2840 423 2880 ‹iv-ri
462 2838 536 2879 vix
564 2842 667 2893 pote
690 2843 708 2879 t
739 2839 919 2879 dubium
956 2850 1068 2885 esse,
1102 2838 1210 2892 quin
1247 2837 1543 2889 significatum
1574 2851 1644 2879 eo-

128 2895 230 2942 dem
260 2897 388 2939 modo
415 2910 470 2937 ex
503 2894 603 2936 ἄντα
620 2896 864 2943 deflexerit,
895 2899 946 2936 ut
980 2899 1164 2948 utraque
1197 2894 1321 2936 notio
1357 2894 1403 2934 in
1437 2896 1647 2948 praeposi-

129 2954 250 2996 tione
269 2955 473 3010 mphinest
491 2967 501 2995 t
526 2953 659 2996 ’'Avw
679 2955 867 3009 ωαιρεισὲων
888 2956 1060 3007 σχομένη
1080 2951 1225 3007 mnu&
1245 2951 1449 3007 κρήδεμνα.
1513 2951 1644 2997 Utra-
