1838 3164
636 144 701 184 IN
726 138 927 186 GRAECA
952 140 1176 185 LINGUA.
1575 144 1661 189 205

154 248 372 307 κόοφισμὸν,
403 256 645 306 α’μωονγέπως
670 262 738 299 τοῦ
762 257 974 306 νοσήματος
991 258 1204 299 ὑπείκοντος
1221 257 1285 298 καὶ
1303 261 1507 311 χαλῶντος
1525 258 1663 303 αἴσθη-

155 327 208 353 σιν
237 310 282 354 ἂν
307 311 478 370 παρέχοι
498 315 689 371 διαφορᾶς,
720 314 809 370 πρὶν
838 317 1009 370 εἰλικρινῆ
1042 314 1114 357 τὴν
1148 317 1314 357 ἐναντίαν
1352 315 1422 365 ἕξιν
1443 316 1752 365 ἐγγενέσθαι231

154 371 416 422 παντάπασιν,
451 377 519 415 τοῦ
539 375 716 422 σώματος
748 372 1060 427 ἀναβρωσθέντος.
1121 371 1207 414 Hic
1225 377 1277 415 ut
1296 371 1482 428 θεραπεία
1501 373 1562 422 μὴ
1581 390 1663 416 ποι-

153 430 246 468 οὖσα
263 430 456 483 ῥᾳστώνην
486 434 555 473 est
586 428 750 472 curatio
782 428 893 471 nihil
923 428 1106 472 allevans
1124 437 1343 486 aegrotum,
1378 431 1442 472 sic
1460 433 1595 473 etiam
1615 433 1664 476 in

153 487 375 539 prioribus
394 489 555 538 verbis,
585 487 703 535 μηδὲν
737 490 940 541 ἀπαρύτων
973 490 1044 531 τῆς
1068 487 1242 537 ἀμαθίας
1272 501 1360 529 non
1378 491 1446 529 est
1464 487 1552 530 nisi
1569 489 1664 545 quis

152 541 325 600 aliquid
344 546 397 588 de
414 543 590 588 znscitia
603 558 681 587 sua
699 543 901 600 deponat,
933 545 1049 600 quod
1068 546 1298 587 dicendum
1317 546 1490 595 fuisset,
1515 544 1578 593 μὴ
1597 550 1664 588 οὐκ

152 602 357 657 ἀπαρύτων
385 621 439 652 τι,
469 603 544 645 sed
577 601 617 643 si
643 616 730 645 non
762 601 947 658 deponat
975 601 1157 659 aliquid.
1216 602 1451 656 Euripides
1484 601 1662 646 Heracl.

67 708 69 710 ,
150 655 254 701 283.
287 661 449 704 ibidem
481 661 639 702 allatus
668 673 696 701 a
732 659 991 701 Schaefero:
1034 661 1177 704 Μάτην
1206 660 1282 716 «γὰρ
1314 660 1412 707 ἥβην
1441 659 1510 701 ὧδέ
1544 661 1585 710 «γ’
1620 660 1665 703 ἂν

151 717 400 774 κεκτῲμεὲα,
415 716 584 760 Πολλὴν
606 716 812 772 ἑν”Αργει,
828 718 889 765 μή
910 735 948 757 σε
969 721 1247 774 τιμωρούμενοι.
1302 717 1403 759 Non
1421 716 1511 759 nisi
1528 723 1569 759 te
1580 731 1664 774 pu-

150 773 352 824 niremus,
397 775 474 818 sed
512 774 553 816 si
587 781 625 817 te
662 789 747 818 non
777 773 1040 831 puniremus.
1103 773 1371 824 Κεκτώμεὲα,
1408 776 1536 816 modo
1571 777 1665 818 iota

149 832 467 880 subscribatur,
511 833 685 874 videtur
714 833 889 876 defendi
921 845 1065 886 posse.
1140 832 1252 875 Vide
1290 831 1571 875 Eustathium
1609 835 1665 875 ad

151 884 286 932 Hom.
306 904 354 945 p.
378 889 504 939 1305,
524 890 598 932 48.
635 889 759 938 1332,
798 889 863 931 19.
896 887 1159 933 Favorinum
1190 891 1238 932 in
1258 903 1299 931 v.
1329 893 1526 946 μεμνέῳτο
1546 895 1590 932 et
1616 891 1664 932 in

151 958 196 986 v.
228 951 450 1003 χρεώμενοι.
512 946 643 990 Unde
664 948 862 1001 quamvis
883 949 1040 989 mirum
1072 953 1237 1005 φοβῷ-ι-ο,
1274 949 1391 1001 quod
1411 948 1575 989 habent
1593 961 1665 989 co-

151 1003 269 1046 dices
288 1007 375 1048 duo
410 1006 571 1047 Stobaei
601 1007 647 1046 in
679 1004 771 1047 Ecl.
805 1005 836 1045 i.
869 1004 908 1045 8.
940 1019 986 1059 p.
1005 1005 1105 1047 214.
1138 1006 1207 1047 ed.
1243 1003 1430 1047 Heeren.
1463 1006 1511 1046 in
1538 1018 1663 1047 versu

151 1059 381 1117 Sophoclis
411 1077 466 1104 ex
497 1061 598 1104 OEd.
635 1062 689 1104 R.
724 1061 837 1104 977:
859 1063 1042 1115 dignum
1079 1067 1229 1105 tamen
1264 1066 1347 1110 est,
1377 1062 1495 1116 quod
1523 1064 1664 1104 consi-

151 1118 343 1162 deretur.
404 1119 612 1174 EJusdem
643 1121 817 1173 generis
851 1124 956 1161 sunt
975 1121 1161 1166 ἀναβιάνην
1180 1121 1299 1175 apud
1317 1120 1663 1174 Aristophanem

150 1175 198 1216 in
231 1174 373 1220 Ranis
401 1190 444 1219 V.
491 1177 585 1219 177.
615 1181 1001 1220 commemoratum
1034 1164 1289 1232 Etssrmologo
1319 1179 1366 1219 in
1399 1192 1440 1220 v.
1469 1177 1584 1232 βιῴην
1617 1180 1663 1218 et

149 1233 252 1276 aliis
285 1236 600 1289 grammaticis,
631 1249 684 1278 ac
717 1235 889 1291 συγγνῴη
923 1235 1041 1290 apud
1078 1234 1329 1289 AEschylum
1359 1236 1407 1276 in
1436 1233 1591 1289 Suppl.
1617 1247 1661 1275 v.

149 1289 250 1334 223.
311 1291 432 1341 Quas
450 1294 614 1336 formas
637 1292 949 1340 Buttmannus‚
985 1306 1149 1335 memor
1179 1307 1332 1335 eorum
1359 1304 1456 1346 quae
1486 1292 1541 1333 de
1572 1291 1662 1333 for-

148 1349 235 1446 2³2}
261 1349 1662 1450 ‘³35³”1’nss‘353’v‘322ss’a2'3dfflzss‘zffizss‘g?assffiaffcssffdffffl·

147 1465 377 1510 attulerat,
410 1465 572 1519 quibus
606 1466 707 1506 addi
729 1466 978 1519 exemplum
998 1423 1286 1521 formaeggmqtm
1306 1469 1452 1520 potest
1471 1420 1528 1504 gx
1548 1461 1662 1518 Hip-

146 1525 324 1573 pocrate
360 1520 474 1564 Sect.
509 1523 564 1563 iv.
606 1536 650 1576 p.
667 1522 771 1571 337,
805 1523 878 1564 33.
913 1522 981 1562 ed.
1012 1521 1177 1564 GeneV.
1210 1523 1302 1564 sive
1333 1535 1378 1576 p.
1399 1521 1443 1569 2,
1478 1519 1551 1562 39.
1587 1521 1753 1569 ed.232

149 1574 298 1619 Mack.
322 1592 411 1620 non
444 1579 632 1620 debebat
666 1582 713 1621 in
743 1580 896 1621 eadem
931 1582 1219 1632 grammatica
1252 1593 1298 1633 p.
1317 1578 1418 1620 252.
1454 1579 1571 1631 quod
1601 1579 1660 1620 ab

148 1636 464 1677 recentioribus
496 1636 784 1690 frequentatae
818 1639 937 1683 sunt,
974 1636 1213 1679 deteriores
1248 1650 1417 1678 vocare.
1491 1633 1659 1677 Recen-

148 1692 284 1735 tiores
310 1695 442 1744 enim,
475 1697 526 1734 ut
557 1694 680 1742 alibi,
711 1694 777 1734 ita
811 1694 883 1735 hic
922 1706 1096 1747 quoque
1129 1695 1299 1736 rariora
1332 1699 1377 1735 et
1406 1693 1660 1746 antiquiora

147 1751 448 1803 praetulerunt.
527 1750 855 1802 Grammaticis,
903 1751 980 1804 qui
1030 1751 1108 1793 has
1165 1752 1329 1793 formas
1389 1750 1657 1804 improbant,

147 1804 392 1860 Phrynicho
421 1821 466 1862 p.
508 1807 600 1849 152.
633 1807 812 1850 Thomae
844 1807 1062 1861 Magistro
1096 1823 1142 1864 p.
1184 1808 1277 1850 125.
1315 1820 1435 1861 seqq.
1473 1806 1657 1848 Moeridi

146 1877 192 1918 p.
219 1864 313 1906 117.
347 1870 507 1919 praeter
543 1866 875 1920 lexicographos
910 1870 953 1907 et
981 1864 1273 1918 Eustathium,
1309 1866 1470 1919 saepius
1505 1877 1659 1906 earum

68 1950 74 1955 »
147 1923 414 1964 mentionem
451 1923 683 1972 facientes,
718 1924 830 1965 adde
866 1922 1107 1976 Georgium
1145 1922 1420 1978 Lecapenum
1454 1923 1501 1963 in
1540 1920 1659 1964 Mat-

146 1979 251 2021 thaei
286 1980 405 2022 lectt.
427 1978 574 2033 Mosq.
595 1981 678 2022 vol.
699 1982 729 2023 i.
757 1987 800 2035 p.
821 1979 891 2022 59.
929 1979 1146 2023 Mansisse
1178 1982 1262 2023 illae
1282 1981 1484 2021 videntur
1515 1992 1540 2020 e
1567 1977 1656 2020 Do-

145 2037 237 2079 rica
277 2037 444 2091 lingua,
480 2039 549 2079 cui
588 2039 684 2093 βιῴη
725 2039 883 2079 tribuit
917 2051 941 2079 e
976 2039 1114 2080 veteri
1153 2039 1440 2092 grammatico
1478 2035 1655 2085 Suidas,

146 2097 275 2142 βιώτω
313 2093 572 2137 Eustathius
608 2109 653 2149 p.
682 2094 808 2143 1418,
847 2095 911 2137 13.
984 2094 1226 2138 Manifesto
1260 2094 1470 2136 Doricum
1504 2097 1571 2135 est
1604 2093 1656 2133 δι-

146 2149 219 2193 δῶν
256 2153 376 2207 apud
407 2151 689 2194 Theocritum
721 2154 842 2195 xxix.
875 2152 916 2194 9.
977 2152 1078 2194 Non
1106 2154 1193 2195 fuit
1225 2156 1372 2194 tamen
1392 2151 1534 2193 διδῶναι
1565 2150 1655 2192 dic-

145 2211 269 2250 tum:
310 2209 409 2251 vide
441 2208 723 2252 Eustathium
752 2225 797 2265 p.
836 2209 962 2256 1357,
998 2210 1064 2252 18.
1100 2211 1155 2252 ad
1190 2210 1313 2252 Iliad.
1348 2209 1403 2251 Ω.
1439 2207 1541 2250 425.
1576 2209 1654 2250 ubi

145 2264 302 2308 διδοῦναι
320 2273 387 2309 est
410 2268 653 2310 infinitivus
680 2269 847 2310 aoristi.
909 2267 1027 2309 Nam
1056 2272 1105 2309 ut
1135 2268 1190 2309 ab
1222 2269 1351 2318 ἁλώω,
1381 2268 1496 2318 βιώω,
1530 2267 1653 2317 «γνώω,

146 2323 354 2376 legitimae
371 2325 525 2366 formae
546 2331 647 2367 sunt
669 2327 827 2374 ἁλῶναι,
847 2328 993 2374 βιῶναι,
1023 2329 1173 2374 γνῶναι,
1209 2327 1271 2366 ita
1295 2338 1323 2366 a
1353 2323 1423 2364 δόω
1455 2323 1655 2375 legitima

144 2380 288 2422 forma
322 2386 391 2424 est
428 2382 563 2424 δοῦναι.
625 2382 721 2425 Nec
758 2383 925 2425 dictum
957 2383 1044 2424 fuit
1082 2385 1282 2438 ἀρώμεναι,
1318 2382 1394 2424 sed
1427 2381 1653 2436 ἇξόμμεναι,

144 2439 348 2491 agnitum
387 2441 502 2493 apud
550 2439 794 2481 Hesiodum
836 2441 883 2481 in
918 2438 973 2481 O.
1013 2444 1056 2481 et
1094 2439 1146 2482 D.
1186 2439 1257 2481 22.
1297 2452 1325 2480 a
1365 2437 1655 2492 Moschopulo

145 2499 263 2537 certe
294 2496 411 2538 etin
444 2497 582 2539 lexico
614 2495 818 2539 Favorini
851 2499 896 2538 in
916 2512 957 2538 v.
978 2500 1254 2553 ἀπαρέμφατα.
1314 2494 1451 2549 Cujus
1487 2495 1655 2536 similia.

145 2556 248 2594 sunt
268 2553 503 2606 ξευγνύμμεν
523 2552 647 2596 Iliad.
668 2554 731 2595 Π.
753 2553 846 2596 145.
883 2559 929 2596 et
962 2554 1115 2604 ἴμμεναι
1134 2555 1189 2597 Τ.
1219 2554 1320 2597 365.
1345 2565 1654 2595 commemora·

144 2612 239 2651 tum
263 2609 523 2664 Etymologo
551 2625 598 2666 p.
618 2610 720 2660 467,
755 2611 826 2653 20.
848 2626 944 2666 quae
973 2626 1059 2666 quo
1088 2613 1188 2666 jure
1218 2612 1465 2654 scribantur
1502 2609 1653 2663 ζευγνῦ-

144 2684 214 2715 μεν
235 2672 280 2709 et
313 2667 451 2717 ἴμεναι,
484 2670 849 2723 quemadmodum
881 2674 998 2712 recte
1031 2666 1238 2711 scribitur
1273 2668 1408 2718 ἄμεναι
1439 2665 1564 2709 Iliad.
1596 2665 1649 2707 Φ.

106 2728 119 2740 ·
145 2722 214 2766 70.
236 2726 394 2768 nescio.
454 2725 522 2768 Ad
542 2727 716 2768 easdem
737 2728 836 2768 illas
862 2728 1091 2769 verborum
1124 2725 1306 2769 Doricas
1340 2726 1408 2767 vel
1444 2726 1652 2776 antiquas

142 2779 308 2825 formas
346 2783 434 2825 alia
473 2797 644 2838 quoque
678 2785 896 2839 pertinere
944 2785 1159 2837 videntur,
1208 2798 1305 2839 quae
1343 2783 1468 2838 epica
1504 2782 1649 2836 poesis

144 2845 340 2896 usurpat,
373 2845 424 2883 ut
444 2840 590 2898 δηῒόῳεν
610 2842 763 2895 Odyss.
787 2841 847 2884 Δ.
877 2840 975 2884 226.
1036 2841 1100 2884 Ac
1133 2844 1280 2885 nescio
1309 2854 1367 2884 an
1402 2840 1559 2882 eodem
1585 2851 1650 2879 re·
1660 2845 1744 2889 233

144 2894 251 2939 ferri
283 2899 470 2941 debeant
502 2901 830 2942 terminationes
868 2902 1097 2942 verborum
1119 2901 1167 2941 όω
1198 2905 1244 2942 et
1278 2903 1351 2950 ώω,
1377 2912 1401 2940 e
1439 2897 1652 2939 termina-

144 2953 263 2998 tione
282 2957 339 2998 αω
364 2961 485 3000 ortae.
546 2955 738 3002 Omnino
765 2959 1094 3003 terminationes
1124 2959 1357 3003 verborum
1384 2957 1431 3000 in
1457 2957 1515 2998 άω
1540 2954 1653 2998 desi-
