1838 3164
699 112 1180 166 mma-mma
1626 119 1712 166 235

182 235 219 279 οἱ
249 234 364 291 παρὰ
394 232 566 292 Κύρου.)
600 230 703 276 vid.
733 230 998 287 wesseling.
1027 232 1087 275 ad
1127 230 1340 276 Herodot.
1381 247 1428 290 p.
1483 235 1588 286 381,
1629 236 1705 280 88.

188 291 327 349 I'oup.
364 292 589 336 fluendat.
622 292 670 333 in
701 289 823 332 Suid.
853 294 889 334 t.
912 291 961 334 ii.
989 289 1140 346 1292.
1171 289 1308 334 Zeun.
1329 292 1386 335 ad
1413 293 1708 348 Xenophont.

188 349 351 407 Cyrop.
379 365 426 406 p.
464 349 566 399 392,
594 347 698 397 419,
728 347 831 390 459.
864 348 1164 408 inprimisque
1191 347 1453 394 Valckenar.
1499 351 1710 395 Adnotat.

187 407 298 453 crit.
315 411 364 458 in
379 407 440 453 N.
454 406 500 451 F.
519 420 567 463 p.
584 405 684 450 352.
718 405 924 449 Sonant.
966 410 973 418 '
1092 436 1097 444 .

608 490 632 515 ³*
671 487 948 540 ΠΕΠΛΟΣ,
979 487 1147 533 PEPL
1156 487 1258 533 UM.

242 563 295 608 In
327 564 431 608 ἑανὸς
459 564 659 607 absolute
686 565 846 620 posito.
908 563 983 606 Sic
1002 560 1396 623 VH-omerus'Iliad.
1432 564 1484 609 Γ.
1519 580 1564 609 v.
1597 566 1700 611 419.

186 627 279 680 ἑανῷ
308 625 447 680 α’ςνγῆτι
479 628 629 679 φαεινῷ.
658 627 704 664 et
734 623 843 664 alibi
865 622 1131 676 frequenter.
1190 622 1421 680 Expressit
1449 628 1599 667 autem
1629 639 1706 667 vo-

184 679 280 730 ’ςθω
298 683 451 723 πέπλος
479 678 603 722 Iliad.
630 678 679 722 E.
713 693 751 721 v.
784 679 884 723 734.
914 679 1076 723 flamm
1106 681 1177 731 μὲν
1210 684 1423 737 κατέχευεν
1457 684 1574 725 ἑανὸν.
1636 683 1706 727 De
1762 723 1771 730 ,

184 739 267 784 hac
283 739 474 781 voceita
492 737 754 780 Eustathius
773 739 830 781 ad
859 737 985 780 Iliad.
1015 737 1069 780 Γ.
1096 753 1143 794 p.
1163 738 1267 782 324.
1289 740 1317 781 l.
1339 739 1411 782 28.
1429 745 1474 782 et
1492 739 1622 785 Iliad.
1644 741 1702 784 N.

182 809 229 852 p.
250 793 351 840 906.
374 797 404 837 l.
425 796 490 839 10.
528 793 590 837 ‘O
610 796 712 838 ἑανὸς
722 796 1279 851 κυρίωςπέπλου-ἐτίὲετον,
1304 803 1389 840 cet.
1453 797 1566 841 Sunt
1586 801 1707 841 enim

181 855 281 896 aliae
299 867 475 908 quoque
494 867 580 902 res,
600 854 761 908 quibus
792 854 836 895 τὸ
868 854 972 896 ἑανὸς
990 855 1191 897 addit-um
1211 857 1446 911 reperitur,
1479 871 1519 898 e.
1543 871 1586 911 g.
1610 856 1704 899 Ho-

182 924 293 954 mer.
310 911 439 962 Iliad.
458 911 509 954 Σ.
530 926 569 954 v.
593 911 690 954 612.
706 910 850 954 Ἑανοῦ
875 916 1114 969 κασσιτέροιο.
1174 912 1242 955 Ex
1262 927 1351 968 quo
1372 917 1481 957 satis
1501 921 1705 971 apparet,

182 983 279 1013 esse
306 969 419 1013 hanc
438 983 588 1012 vocem
621 969 1021 1030 tantumlienfflerov.
1052 969 1269 1015 Scnwsss.
1332 972 1459 1016 Nihil
1489 974 1706 1027 ejusmodi

183 1028 548 1077 subaudiendum,
588 1029 626 1070 si
674 1042 783 1070 vera
809 1032 878 1070 est
909 1028 1023 1070 ratio
1059 1033 1230 1078 eorum,
1270 1032 1346 1086 qui
1386 1033 1708 1075 substantivum

184 1085 304 1134 ἑανὸς,
328 1084 521 1143 peplum,
555 1085 709 1135 velum,
741 1087 800 1128 ab
834 1086 1054 1139 adjectivo
1081 1087 1184 1129 ἑανὸς
1218 1089 1318 1143 ipsa
1338 1090 1510 1142 origine
1530 1090 1706 1131 differre

183 1143 356 1186 docent.
415 1143 514 1186 Vid.
538 1141 768 1186 Clarkium
787 1149 832 1186 et
853 1143 1078 1197 Heynium
1096 1145 1153 1187 ad
1180 1144 1362 1189 Homer.
1384 1145 1436 1189 11.
1458 1145 1512 1188 Γ.
1536 1160 1579 1189 v.
1601 1146 1702 1189 385.

183 1201 286 1242 coll.
306 1199 488 1243 Gesner.
506 1199 599 1243 Ind.
622 1203 669 1244 in
686 1201 916 1257 Orpheum
933 1216 974 1243 v.
995 1205 1103 1259 ἑανῷ.
1138 1202 1346 1246 somme.

500 1284 528 1311 ¹*
557 1284 772 1333 ΠΕΡΑΣ,
813 1283 1150 1335 TERMJNUS,
1181 1285 1362 1328 FINIS.

241 1348 397 1404 Actor.
415 1350 447 1391 i.
468 1349 507 1392 8.
532 1348 616 1391 Καὶ
651 1350 718 1392 ἕως
739 1351 912 1404 ἐσχάτου
943 1353 1014 1394 τῆς
1033 1353 1122 1399 γῆς.
1153 1353 1252 1394 coll.
1272 1353 1372 1396 xiii.
1393 1350 1466 1395 47.
1511 1351 1708 1395 Herodo-

184 1410 258 1450 tus
276 1409 356 1450 lib.
376 1409 444 1450 iii.
466 1407 652 1464 cap.125.
678 1407 781 1450 “On
805 1410 843 1449 ἐς
873 1408 927 1449 ταὶ
956 1409 1116 1464 ἔσχατα
1145 1413 1220 1459 *γῆς
1241 1411 1384 1459 ’ἔμελλε
1417 1410 1708 1467 στρατεύεσθαι.

186 1464 241 1511 In
255 1467 418 1520 quibus
429 1467 596 1522 optime
611 1467 876 1508 subauditur
886 1469 1057 1522 πέρατα.
1090 1467 1164 1508 Sic
1176 1465 1439 1510 Onosander
1459 1470 1504 1510 in
1519 1467 1706 1522 Proqem.

185 1536 229 1578 p.
243 1523 293 1581 fl.
333 1523 434 1566 'Exi
453 1527 608 1581 πέρατα
629 1527 703 1574 «γῆς
725 1526 884 1565 ἐκτεῖναι
904 1524 975 1566 τὴν
998 1527 1178 1579 σφετέραν
1200 1527 1344 1581 ἀρχήν.
1403 1525 1551 1571 Possis
1571 1528 1708 1569 etiam

185 1582 424 1626 subaudire
471 1585 587 1639 μέρη.
635 1582 852 1624 Scnwssn.
943 1580 1040 1624 Vid.
1091 1581 1348 1635 Valckenar.
1403 1585 1610 1627 Adnotat.
1661 1586 1709 1627 in

186 1638 403 1683 Adoniaz.
423 1639 610 1684 Theocr.
633 1655 677 1696 p.
696 1640 796 1683 240.
821 1640 1031 1683 SanssF.

544 1715 571 1744 ³¹¹
601 1713 1020 1764 ΠΕΡΙΒΟΗΤΟΣ,
1053 1714 1350 1758 CELEBER.

240 1778 293 1822 In
314 1781 534 1824 locutione
571 1783 589 1822 ὃ
620 1783 741 1833 πάνυ,
772 1785 823 1822 ut
852 1780 1038 1836 ‘Hpchm
1059 1783 1076 1821 ὃ
1096 1783 1217 1830 πάνυ,
1250 1784 1267 1822 ὁ
1301 1784 1407 1823 πάνυ
1436 1781 1708 1839 Ἀλέξανδρος,

184 1838 217 1880 i.
238 1852 279 1881 e.
300 1837 497 1896 Mag-nus
514 1838 604 1888 ille,
634 1840 703 1880 vel
740 1837 1031 1880 celeberrimus
1051 1838 1259 1887 Herodes,
1299 1839 1557 1892 Alexander,
1588 1841 1711 1883 deest

183 1898 429 1952 περιβόητος,
460 1899 529 1940 vel
550 1900 692 1946 μέγας.
753 1896 819 1938 Ex
849 1895 1058 1951 Ellipsios
1081 1898 1356 1950 ignoratione
1378 1899 1450 1940 hic
1469 1899 1710 1952 aliquando

185 1953 303 2008 lapsi
333 1960 437 1997 sunt
464 1956 582 1997 docti
613 1953 900 2009 Interpretes,
934 1967 1116 2007 quorum
1146 1956 1226 1997 alii
1259 1960 1487 1998 verterunt
1519 1959 1537 1996 ὁ
1570 1958 1704 1998 πάνυε

238 2010 373 2054 aviter
391 2017 436 2055 et
450 2011 705 2069 pffacerboe
734 2014 846 2054 alii:
879 2010 1039 2068 oppido
1074 2026 1213 2069 quam.
1274 2013 1388 2056 Vide
1424 2014 1485 2056 sis
1518 2013 1707 2056 Paulum

184 2025 465 2125 {scopardum
497 2069 729 2112 Emendat.
767 2071 848 2112 lib.
886 2070 990 2111 xvii.
1030 2083 1130 2126 cap.
1178 2071 1241 2115 16.
1315 2071 1447 2127 [Cum
1480 2073 1709 2127 περιβόητος

183 2127 445 2182 plerumque
466 2130 513 2170 in
536 2129 799 2170 deteriorem
819 2131 992 2183 partem
1015 2129 1279 2184 accipiatur,
1315 2129 1423 2184 (vid.
1445 2128 1707 2172 Valckenar.

185 2183 420 2228 Animadv.
443 2186 499 2228 ad
518 2186 720 2228 Ammon.
757 2200 802 2241 p.-
831 2185 901 2227 65.
933 2191 978 2228 et
1010 2186 1274 2241 Wesseling.
1313 2189 1369 2229 ad
1400 2187 1584 2229 Diodor.
1619 2186 1707 2230 Sic.

186 2247 218 2284 t.
241 2244 272 2284 i.
295 2257 341 2298 p.
366 2243 462 2295 700.
486 2243 707 2286 Lucianus
730 2248 762 2286 ΐ.
797 2245 823 2285 i.
851 2258 897 2299 p.
915 2243 1017 2285 480.
1042 2247 1146 2293 λέγω
1167 2245 1206 2287 δὲ
1226 2245 1287 2286 τὸν
1321 2244 1456 2301 Κᾶρα,
1490 2245 1553 2287 τὸν
1575 2247 1617 2286 ἐκ
1638 2251 1706 2287 τοῦ

185 2302 310 2354 τάφου
326 2303 571 2357 περιβόητον,
599 2308 869 2344 monumento
904 2301 1151 2358 famosum.)
1186 2305 1348 2345 rectius
1382 2305 1644 2359 περίβλεπτος
1673 2318 1704 2344 s.

187 2357 329 2408 ’ἔνδοξος
347 2358 543 2402 Zeunius
565 2361 774 2402 subaudit
793 2361 850 2401 ad
882 2351 1165 2415 Xenophont.
1186 2360 1324 2402 Mem.
1358 2363 1421 2403 iii.
1456 2371 1568 2416 cape
1581 2360 1620 2401 5.
1640 2362 1704 2401 in.

186 2414 264 2457 ubi
285 2417 450 2470 legitur
471 2423 539 2461 τοῦ
559 2421 666 2460 πάνυ
684 2418 934 2473 Περικλέους.
996 2416 1217 2461 Lucianus
1236 2422 1274 2462 t.
1296 2420 1347 2461 ii.
1364 2433 1410 2474 p.
1428 2419 1527 2461 213.
1553 2418 1706 2459 Ἀπολ-

185 2475 308 2531 λωνίῳ
338 2481 393 2530 τῷ
420 2473 570 2517 Tuane?
595 2482 650 2533 τῷ
687 2478 808 2517 πάνυ.
870 2474 1151 2530 Quamquam
1185 2479 1223 2518 si
1258 2479 1359 2532 quis
1386 2477 1499 2518 nihil
1526 2489 1706 2531 prorsus

185 2531 539 2576 subaudiendum
557 2538 749 2582 censeat,
778 2534 983 2586 equidem
1017 2548 1266 2592 repugnare
1294 2535 1370 2576 vix
1403 2535 1563 2577 ausim.
1625 2533 1708 2576 Ce-

183 2591 331 2631 terum
363 2592 456 2634 haec
473 2592 639 2634 locutio
658 2592 788 2645 longe
806 2592 949 2634 rarior
978 2598 1046 2635 est
1074 2593 1216 2635 alterii
1242 2593 1338 2641 illa,
1374 2594 1579 2647 inprimis
1598 2591 1706 2638 Dio-

186 2649 314 2701 nysio
335 2646 479 2692 Halie.
506 2648 684 2696 dilecta,
723 2652 758 2690 ἐν
793 2652 872 2690 τοῖς
890 2652 1011 2699 πάνυ,
1031 2650 1144 2705 (fere
1173 2650 1433 2693 Latinorum
1468 2649 1519 2692 in
1532 2648 1706 2707 primis)

186 2703 292 2748 Ant.
316 2703 446 2748 Rom.
468 2710 502 2748 t.
523 2707 554 2748 i.
574 2721 620 2762 p.
642 2706 716 2749 49.
738 2706 803 2748 καὶ
823 2706 867 2751 ἦν
887 2712 1000 2749 τοῦτο
1019 2710 1063 2750 τὸ
1082 2708 1188 2751 ’έὲνος
1214 2711 1250 2750 ἐν
1281 2712 1359 2751 τοῖς
1388 2711 1494 2752 πάνυ
1521 2711 1627 2757 μέγα
1662 2725 1704 2747 τε

186 2762 252 2804 καὶ
272 2767 448 2820 ἀρχαῖον.
468 2779 514 2820 p.
541 2765 636 2807 167.
656 2767 702 2806 τό
732 2782 773 2806 τε
800 2765 875 2821 ’γὰρ
895 2764 974 2820 ’ὄρος
993 2769 1029 2808 ἐν
1049 2770 1129 2808 τοῖς
1146 2769 1253 2808 πάνυ
1272 2768 1411 2823 ὀχυρόν
1429 2783 1472 2806 τε
1506 2767 1570 2807 καὶ
1600 2766 1706 2813 ὑψη-

186 2821 253 2862 λόν
273 2823 385 2864 ἐστιν.
402 2837 452 2878 ·p.
472 2822 572 2866 550.
593 2823 1019 2879 ἷερὸν--ἅγιον
1040 2827 1075 2866 ἐν
1096 2829 1175 2866 τοῖς
1193 2827 1313 2867 πάνυ.
1371 2823 1495 2866 Nam
1514 2825 1650 2865 verba
1671 2825 1704 2864 ἐν

187 2881 267 2920 τοῖς
283 2882 390 2921 πάνυ
407 2885 543 2931 arcte,-
565 2882 740 2938 opinor,
770 2883 996 2936 jungenda
1016 2886 1136 2932 sunt,
1155 2896 1316 2937 neque,
1342 2882 1462 2937 quod
1478 2882 1581 2924 aliis
1613 2881 1707 2936 pla·
1764 2882 1766 2884 ’

187 2940 274 2987 cet,
294 2940 512 2999 particula
533 2952 729 2985 seorsum
762 2941 988 2983 sumenda.
1045 2940 1148 2989 Hoc
1176 2941 1289 2989 mihi
1319 2942 1470 2986 videor
1485 2943 1603 2982 recte
1621 2939 1708 2980 col-
