1838 3164
201 136 294 177 xviii
681 133 969 176 PRAEFATIO
996 127 1267 172 LEISNERI.

314 254 402 298 Nin-
422 255 454 296 δ’
475 255 628 305 αὐτοὺς,
650 258 742 298 ὅσσοι
764 256 807 296 τὸ
826 252 1066 300 Πελασγικὸν
1086 248 1235 302 ”Αρ«γος
1253 246 1380 289 ἔναιον.
1549 277 1556 284 .

311 311 437 355 Nunc
457 327 549 355 vero
569 313 684 362 istos,
707 316 907 369 quotquot
928 306 1198 361 Pelasgicum
1221 303 1353 361 Argos
1371 303 1632 348 habitabam,
1668 336 1671 339 -

199 368 297 418 Quo
313 371 358 411 in
378 372 471 413 loco
491 373 852 413 constructionem
873 364 1121 408 ἀνακόλουθον
1140 363 1338 404 admittit
1356 360 1563 405 Clarkius
1583 377 1696 419 saepe

201 440 229 468 a
248 428 372 468 nobis
389 429 603 470 laudatus.
663 428 748 468 Sed
765 426 885 479 quid,
921 425 957 463 si
980 423 1048 462 hic
1067 429 1147 474 per
1163 420 1338 474 ellipsin
1357 433 1450 462 esse
1482 421 1698 464 omissum

199 485 378 525 verbum
410 486 598 537 alQuod,
627 498 667 526 e.
689 499 731 538 g.
762 482 876 532 λέξω,
909 480 1146 520 diceremus
1164 491 1176 525 ;
1206 481 1284 519 aut
1318 478 1356 519 si
1395 490 1450 520 ex
1487 491 1555 529 eo,
1579 479 1698 532 quoti

194 541 397 594 quamvis
435 544 563 595 longo
598 541 825 584 intervallo
862 536 1094 592 praecedit,-
1113 548 1203 576 ver.
1221 534 1322 576 484.
1353 535 1488 578 ’ἔσπετε
1521 540 1580 578 νῦν
1617 548 1700 585 μοι,

201 596 374 647 Μοῦσαι,
405 603 482 641 aut
511 601 694 653 denique
728 612 784 640 ex
805 609 893 639 ver.
914 592 1013 635 493.
1035 594 1214 634 verbum
1249 595 1337 648 ἐρέω
1369 598 1664 648 repeteremus
1680 597 1699 636 ’ἱ

199 653 298 696 Vid.
320 654 519 699 Eustath.
538 659 592 699 ad
611 656 733 698 Iliad.
758 653 807 695 B.
830 665 917 694 ver.
936 650 1034 692 353,
1057 655 1102 692 et
1123 650 1247 693 Voss.
1267 652 1321 693 ad
1342 650 1503 694 Catull.
1525 664 1570 706 p.
1595 649 1696 694 296.

199 724 383 766 quorum
421 716 538 756 alter·
563 713 814 759 Homerum,
856 710 967 751 alter
997 706 1237 757 Catullum,
1256 712 1314 751 ‘et
1343 708 1456 751 alios
1485 709 1699 764 quosdam

196 774 362 812 veteres
381 773 625 827 scriptores,
647 768 914 812 admittendo
929 767 1121 822 ellipsin,
1140 771 1296 809 contra
1313 766 1608 810 soloecismu'm
1624 765 1700 810 de-

202 827 355 869 fendit.

255 883 476 938 Quotquot
490 890 648 933 autem,
675 888 720 927 et
734 885 1054 941 qualiacunque
1073 887 1190 936 sunt,
1208 896 1306 938 quae
1319 895 1375 925 ex
1392 883 1699 926 observatione

195 941 416 997 ellipsium
436 945 685 997 promittere
704 943 787 984 tibi
808 946 948 995 potes,
970 954 1066 994 quae
1086 942 1285 996 profecto
1304 953 1391 983 non
1411 945 1512 983 sunt
1531 949 1696 996 parva:

195 1002 343 1041 tamen
362 1012 497 1056 quum
518 1003 678 1043 huncce
706 1000 900 1041 libellum
934 1000 1058 1040 novis
1091 1000 1412 1041 accessionibus
1429 999 1699 1053 locupletare

196 1056 536 1107 institueremus,
568 1060 706 1112 magis
734 1071 881 1099 eorum
910 1057 1129 1110 judicium
1167 1058 1297 1098 veriti
1337 1067 1502 1104 sumus,
1519 1087 1521 1089 -
1538 1056 1699 1108 quibus

193 1114 332 1155 nimia
348 1116 391 1156 in
413 1116 492 1157 hoc
512 1129 668 1168 genere
683 1116 882 1156 adhibita
901 1115 1135 1167 diligentia
1151 1114 1372 1169 displicet,
1386 1125 1518 1166 quam
1534 1109 1698 1167 quibus

193 1171 312 1211 nulla
330 1173 439 1213 satis
453 1177 529 1213 est.
589 1171 740 1226 Itaque
756 1169 1012 1227 patientius,
1034 1174 1078 1213 et
1094 1172 1273 1226 aequiori
1295 1172 1443 1213 animo
1461 1182 1611 1213 eorum
1632 1182 1699 1212 re-

191 1228 500 1280 prehensiones
532 1230 738 1278 feremus,
771 1231 847 1283 qui
878 1230 964 1271 sibi
994 1229 1228 1271 immodica
1259 1227 1478 1283 ellipsium
1504 1227 1699 1280 undique

189 1289 495 1337 congestarum
508 1289 786 1329 multitudine
806 1288 1037 1328 fastidium
1058 1288 1196 1328 creari
1216 1287 1552 1341 profitebuntur,
1561 1295 1699 1339 quam

190 1343 350 1394 quibus
364 1346 482 1386 nulla
496 1347 672 1388 satietas
684 1346 846 1386 adferri
862 1348 1019 1400 potest.
1048 1343 1251 1398 Namque
1271 1345 1385 1386 utin
1405 1344 1556 1385 multis
1577 1343 1695 1392 aliis,

191 1399 259 1441 ita
277 1400 323 1440 in
335 1401 462 1455 hujus
478 1404 647 1456 generis
660 1403 932 1456 argumentis
948 1403 1169 1457 praecipue
1184 1402 1424 1443 cavendum
1439 1404 1523 1452 est,
1534 1413 1590 1441 ne
1605 1411 1696 1442 ma-

192 1458 260 1509 gis
280 1459 539 1511 patientiam
560 1462 785 1510 lectorum,
816 1473 948 1513 quam
981 1463 1174 1501 nostram
1193 1460 1471 1513 diligentiam
1490 1470 1694 1508 exercere

190 1514 430 1558 videamur.
471 1516 599 1559 Certe
618 1520 765 1560 omnia
784 1519 999 1572 exempla,
1018 1518 1218 1572 exempla
1239 1519 1417 1559 autem?
1447 1518 1584 1557 immo
1602 1524 1696 1557 om-

192 1571 268 1612 nia
287 1585 446 1625 genera
465 1576 657 1630 ellipsios
679 1577 810 1618 nimis
833 1577 1012 1618 verbose
1033 1575 1254 1630 persequi,
1287 1587 1375 1616 non
1400 1578 1468 1616 est
1494 1583 1694 1616 necessa-

194 1629 321 1670 rium.
356 1630 469 1673 Nam
485 1634 530 1673 in
542 1635 743 1675 omnibus
758 1635 940 1681 artibus,
956 1634 1033 1674 ubi
1053 1633 1220 1674 tradita
1238 1637 1342 1674 sunt
1356 1633 1567 1684 cujusque
1587 1632 1698 1673 artis

193 1686 461 1738 difficillima,
482 1692 663 1743 reliqua,
685 1693 790 1745 quia
810 1696 887 1733 aut
905 1692 1108 1732 faciliora
1127 1695 1245 1742 sunt,
1260 1694 1338 1732 aut
1365 1690 1547 1737 similia,
1578 1689 1695 1731 tradi

195 1751 282 1784 non
300 1758 472 1789 necesse
491 1753 571 1790 est.
632 1749 784 1804 Neque
819 1751 900 1791 hoc
933 1754 1128 1802 unquam
1161 1750 1356 1790 evenisse
1382 1748 1536 1801 gnavis
1566 1751 1613 1788 et
1631 1744 1700 1788 in-

194 1801 371 1844 dustriis
401 1805 637 1858 pictoribus
673 1813 750 1849 aut
781 1807 1071 1861 sculptoribus
1105 1806 1311 1848 credibile
1344 1809 1427 1853 est,
1460 1809 1525 1853 ut,
1561 1817 1698 1857 quum

194 1860 426 1902 multarum
441 1863 675 1905 formarum
694 1866 1005 1907 similitudines
1017 1864 1262 1919 exprimere
1270 1864 1578 1917 magistrorum
1589 1876 1699 1917 prae-

193 1919 334 1970 ceptis
353 1922 396 1959 et
414 1923 623 1975 exemplis
650 1925 790 1977 adjuti
819 1924 1091 1969 didicissent,
1121 1935 1207 1974 quo
1236 1922 1380 1962 minus
1415 1922 1553 1962 etiam
1583 1921 1697 1962 alias

194 1973 356 2015 formas
378 1977 606 2031 pingerent
625 1985 704 2022 aut
722 1982 988 2036 sculperent,
1019 1981 1194 2022 etiamsi
1214 1991 1302 2020 non
1321 1979 1594 2026 didicissent,
1616 1987 1698 2020 sua

196 2030 414 2096 imperitia
433 2037 771 2088 prohiberentur.
832 2037 919 2086 Qui
940 2039 1174 2092 scriptores
1202 2041 1372 2079 veteres
1389 2036 1700 2078 suisobserva-

196 2089 389 2131 tionibus
410 2092 646 2137 illustratos
665 2097 815 2146 edunt,
846 2100 924 2138 aut
956 2096 1232 2137 cumulandis
1263 2096 1352 2136 illis
1380 2094 1697 2136 observationi-

197 2143 279 2186 bus
297 2154 492 2201 parcunt,
520 2164 701 2203 quarum
722 2155 889 2195 similes
915 2155 1008 2207 jam
1029 2156 1130 2194 ante
1154 2154 1413 2200 attulerunt,
1443 2155 1521 2192 aut
1552 2149 1697 2204 indig-

198 2203 419 2246 nationem
437 2207 657 2252 doctorum
678 2213 722 2253 in
743 2225 788 2253 se
807 2212 1023 2260 derivant,
1053 2211 1130 2252 ubi
1151 2211 1219 2251 vel
1251 2211 1416 2253 centies
1436 2209 1556 2250 dicta
1573 2221 1696 2263 repe-

196 2262 313 2307 tunt,
344 2264 410 2303 vel
432 2265 593 2308 similia
611 2270 845 2311 identidem
865 2270 1100 2311 inculcant.
1160 2267 1380 2321 Namque,
1413 2270 1465 2308 ut
1482 2266 1564 2308 hoc
1581 2270 1697 2315 utar,

198 2317 237 2356 Si
255 2319 352 2369 quis
371 2333 439 2362 me
459 2323 620 2373 docuit,
651 2331 774 2368 κακῶς
794 2327 1049 2369 adverbium
1079 2338 1160 2380 pro
1178 2327 1272 2367 loco
1290 2329 1461 2367 mutare
1479 2323 1700 2377 significa-

196 2375 309 2423 tum,
354 2381 398 2419 et
435 2391 694 2434 quamquam
731 2387 971 2438 generatim
1008 2383 1119 2426 male
1149 2384 1346 2431 denotat,
1387 2394 1502 2436 saepe
1547 2386 1698 2423 tamen

196 2435 366 2498 partem
385 2438 595 2479 malorum
616 2441 819 2491 indicare,
850 2447 893 2484 et
921 2443 1101 2497 quidem
1133 2453 1231 2483 eam
1261 2444 1458 2495 partem,
1481 2452 1580 2492 quae
1598 2451 1700 2481 cen-

199 2494 320 2554 vemt
340 2493 418 2540 Pei,
447 2495 499 2535 de
531 2510 618 2550 qua
651 2511 790 2541 sermo
818 2504 910 2547 est;
943 2500 1144 2553 ideoque,
1175 2503 1305 2554 prout
1324 2493 1616 2539 nands'vivere
1632 2496 1699 2538 di-

200 2550 329 2595 citur,
350 2551 416 2590 vel
436 2557 662 2603 scortator,
683 2561 727 2597 et
746 2558 858 2609 leno,
887 2559 954 2599 vel
975 2569 1146 2608 avaruS,
1167 2557 1236 2598 vel
1255 2558 1400 2611 inops,
1432 2556 1499 2596 ita
1514 2564 1607 2597 esse
1627 2554 1697 2595 vel

200 2601 433 2648 libidinose
454 2614 497 2649 et
518 2611 699 2665 impure,
720 2616 786 2655 vel
808 2616 980 2656 sordide
993 2620 1037 2656 et
1051 2627 1198 2662 avare,
1218 2615 1284 2655 vel
1299 2609 1486 2666 denique
1505 2611 1697 2660 exiliter,
1759 2649 1777 2654 c

202 2660 464 2716 minimeque
485 2667 600 2710 laute
624 2671 765 2712 vivere
783 2685 792 2712 :
818 2674 853 2713 si
874 2674 971 2725 quis
992 2674 1129 2725 igitur
1150 2673 1240 2713 haec
1261 2684 1329 2711 me
1347 2671 1508 2718 docuit,
1529 2670 1570 2710 ei
1587 2669 1699 2711 vitio

203 2728 284 2769 ego
303 2721 476 2772 quidem
498 2736 582 2765 non
602 2727 808 2776 dederim,
839 2731 876 2770 si
907 2732 1091 2771 eandem
1125 2730 1476 2770 observationem
1502 2729 1700 2781 repetere

201 2776 346 2826 paulo·
368 2783 467 2831 post
496 2784 704 2836 negligat,
735 2787 809 2828 ubi
829 2800 870 2828 v.
890 2801 925 2828 c.
951 2788 1076 2828 miles
1104 2787 1263 2828 dicitur
1290 2785 1399 2828 male
1417 2786 1511 2827 loco
1529 2782 1699 2830 cedere,

202 2835 282 2896 {tut
317 2840 488 2890 emptor
519 2840 683 2893 aliquid
718 2843 828 2884 male
866 2845 1088 2886 redimere.
1111 2870 1114 2873 ·
1158 2843 1276 2885 Nam
1315 2839 1571 2891 similitudo,
1598 2850 1701 2894 quae

204 2893 318 2931 mter
338 2892 417 2934 has
437 2899 481 2936 et
499 2900 742 2951 superiores
760 2902 996 2943 locutiones
1017 2901 1262 2950 intercedit,
1292 2904 1440 2957 potest
1456 2899 1702 2954 quemlibet

203 2958 290 2990 non
309 2960 486 3004 prorsus
509 2955 677 3000 hebetis
696 2957 860 3014 ingenii
881 2960 1131 3011 admonere,
1161 2969 1298 3015 quum
1325 2959 1451 3006 miles
1470 2951 1702 3004 maledid-
