1838 3164
131 133 211 176 124
464 131 784 173 PLEONASMI
812 129 948 169 CONJ
954 128 1034 167 UN
1037 126 1243 167 OTIONU
1245 127 1299 165 M.

130 262 264 295 noxa,
285 252 336 291 ut
356 247 413 291 D.
433 248 559 295 dicit,
580 245 655 290 sed
688 242 932 285 necessaria
961 241 1014 281 de
1050 253 1183 282 causa
1214 240 1408 294 positum
1428 242 1508 280 est.
1532 261 1537 265 -
1568 238 1642 280 Sic

133 307 270 347 etiam
305 308 352 348 in
387 307 544 348 ceteris
576 303 701 350 locis,
732 302 892 354 quibus
923 299 996 339 ille
1032 298 1376 352 disputationem
1410 309 1535 338 suam
1559 297 1642 339 ·in-

131 365 311 412 struxit,
348 364 462 409 ratio
480 362 706 417 particulae
742 361 898 400 iterum
917 357 1071 410 positae
1101 355 1224 397 reddi
1254 359 1416 410 potest.
1457 353 1544 395 >Ex
1575 355 1643 396 his

130 425 279 463 autem
298 426 440 477 patet,
461 421 580 473 quod
601 419 791 459 maxime
808 415 934 457 nobis
945 414 1173 461 dicendum
1189 418 1272 460 est,
1290 414 1501 454 sociatam
1521 412 1644 454 illam

129 493 231 522 cum
251 479 289 521 δὲ
316 481 458 521 facere
477 478 533 519 ad
562 476 920 532 perspicuitatem
941 472 1257 513 sententiarum
1291 472 1375 512 rite
1395 470 1644 526 discernen-

131 538 306 586 darum,
339 539 532 589 itemque
563 535 619 576 ad
653 538 877 574 externam
911 530 1254 577 concinnitatem
1285 533 1328 570 et
1364 540 1644 571 numerorum

130 596 353 650 quandam
372 595 579 647 gratiam.
641 591 724 632 Sed
983 633 985 635 ,
1512 643 1522 652 ⁸
1561 622 1578 634 „
1631 627 1637 631 ,

190 652 232 694 2.
256 654 294 694 si
315 653 369 693 de
389 665 518 694 sensu
540 662 729 704 quaeraS,
747 650 981 698 ,certasque
1001 644 1084 686 tibi
1117 645 1375 688 Latinorum
1404 643 1646 699 particulas

131 711 228 751 dari
250 710 372 761 velis,
403 710 563 762 quibus
594 708 682 748 illae
712 705 884 761 possint
917 703 1231 756 explicari‚.a{v
1263 703 1439 758 proprie
1475 705 1644 744 statuas

133 781 229 809 esse
247 781 342 809 vere
361 781 393 808 s.
415 779 532 814 seme,
555 766 629 806 sed
650 767 730 812 ita,
752 767 801 804 ut
821 763 966 802 minus
987 761 1177 812 graviter
1207 763 1559 814 confidenterque
1581 761 1647 802 af-

133 827 291 876 firmet,
329 838 463 877 quam
498 822 595 871 μὴν,
634 823 687 863 de
734 833 822 873 qua
859 818 1077 873 particula
1116 820 1162 860 in
1202 819 1420 860 adverbiis
1457 819 1647 870 egimus.

133 882 252 926 Nam
273 882 301 923 J
305 895 410 924 ones
438 886 492 921 τῶ
515 881 583 929 μὲν
603 881 842 921 utebantur
859 890 938 931 pro
957 875 1048 930 μήν.
1110 875 1350 929 Gregorius
1381 876 1434 918 de
1453 875 1651 925 dialectis

134 954 179 995 p.
202 939 300 981 223.
326 940 390 994 ed.
429 925 557 980 KiBn.
592 944 622 962 ‘⁶
646 936 724 978 Τὸν
750 931 1034 983 συμπλεκτικόν
1064 932 1203 974 ΜΕΝ
1242 934 1439 982 σύνδεσμον
1466 932 1549 974 ἀντὶ
1583 937 1651 976 τοῦ

136 1002 169 1022 “
199 995 637 1052 παραπληρωματικοῦ”
659 994 705 1047 (i.
728 1008 766 1035 e.
789 992 888 1048 μὴν)
918 998 947 1016 “
973 993 1340 1048 προσλαμβάνουσιν·
1363 994 1413 1033 ὣς
1428 989 1652 1046 παρ’ῘΗρο-

136 1061 167 1080 “
201 1055 312 1111 δὸτῳ,
338 1052 399 1102 μὴ
427 1054 497 1102 μὲν
526 1051 852 1108 ἕχειν”Ελέννιν.”
911 1048 1053 1092 Locus
1075 1055 1144 1091 est
1163 1050 1212 1091 ii.
1242 1051 1336 1093 118.
1399 1047 1558 1098 Hinc&
1582 1049 1654 1098 μὲν

132 1114 267 1167 plane
287 1125 368 1167 pro
397 1110 421 1155 ἦ
457 1111 536 1159 μὴν
564 1111 609 1151 in
638 1109 922 1163 jurejurando
954 1108 1145 1150 occurrit
1179 1105 1305 1151 Iliad.
1338 1107 1389 1149 A.
1426 1107 1499 1149 77.
1529 1109 1575 1148 et
1601 1107 1655 1148 Ξ.

135 1169 237 1212 275.
314 1169 400 1210 Sed
434 1182 566 1222 quam
604 1168 734 1209 facile
767 1165 811 1208 H
842 1180 943 1209 cum
975 1165 1012 1207 E
1042 1167 1088 1207 in
1118 1168 1284 1209 voculis
1313 1170 1405 1208 tam
1436 1165 1657 1207 similibus

138 1228 447 1282 permutatur!
527 1225 612 1267 His
647 1227 785 1279 igitur
826 1225 932 1267 locis
971 1238 1057 1266 non
1096 1227 1244 1278 potest
1283 1226 1466 1266 multum
1503 1223 1656 1264 tribui.

136 1285 411 1327 Certim-ibus
448 1285 888 1337 argumenstsmsum
930 1282 1153 1337 particulae
1183 1282 1429 1330 βεβαιωτικὸν
1468 1279 1660 1322 firmavit

138 1342 420 1396 Hoogeveen.
482 1340 584 1383 Vid.
621 1339 814 1395 Epitorn.
849 1340 1047 1382 Schiitzii
1082 1353 1129 1393 p.
1151 1337 1250 1380 470.
1276 1354 1332 1381 ss.
1392 1339 1479 1380 Sed
1495 1339 1658 1380 :omisit

138 1402 212 1443 ille
242 1403 565 1452 argumentum,
597 1399 715 1451 quod
744 1399 837 1450 jam
859 1398 1099 1452 explicabo.
1161 1395 1383 1439 Nimirum
1415 1409 1529 1449 saepe
1558 1396 1659 1437 sim-

136 1459 242 1512 plex
264 1459 332 1506 μὲν
354 1457 593 1511 opponitur
612 1456 842 1509 negationi
865 1458 920 1496 οὐ.
982 1453 1198 1495 Herodot.
1235 1455 1263 1495 i.
1291 1454 1384 1496 139.
1441 1452 1514 1495 Ἐς
1546 1457 1659 1497 τοῦτο

140 1515 256 1569 (scil.
280 1514 325 1555 τὸ
343 1516 530 1569 «γράμμα,
553 1512 597 1554 r&
619 1513 674 1568 Σ)
700 1512 895 1566 διζήμενος
925 1513 1089 1567 εὑρήσεις
1110 1515 1359 1554 τελευτῶντα
1381 1516 1455 1554 τῶν
1482 1509 1660 1566 Περσέων

142 1572 197 1613 τοὶ
215 1573 425 1620 οὐνόματα,
447 1574 489 1611 οὐ
520 1570 571 1611 τοὶ
592 1569 748 1618 ΜΕΝ,
782 1571 835 1611 τοὶ
863 1569 897 1610 δ’
929 1568 1031 1617 ΟΥ,
1062 1569 1171 1610 ἀλλὰ
1195 1570 1326 1611 «πάντα
1360 1570 1512 1618 ὁμοίως.
1574 1566 1662 1608 Hic

142 1629 384 1674 manifesto
406 1629 475 1677 μὲν
499 1641 585 1669 non
605 1632 697 1668 tam
718 1628 949 1680 conjungit
969 1627 1228 1676 sententias,
1259 1640 1391 1679 quam
1410 1625 1664 1669 clareafflr-

142 1692 262 1739 mat:
297 1686 464 1739 alioqui
504 1686 669 1727 dictum
695 1690 815 1727 ¹esset
833 1687 874 1725 οὐ
909 1684 961 1725 τοὶ
989 1685 1058 1732 μὲν
1088 1683 1221 1732 ὅντως,
1256 1690 1334 1727 aut
1364 1684 1500 1726 simili
1529 1683 1662 1725 verbo

143 1744 331 1797 adjecto.
393 1742 468 1784 Sic
486 1747 531 1783 et
551 1744 596 1784 ii.
619 1742 688 1785 37.
710 1747 789 1795 οὐχ,
810 1743 929 1790 ὁμὲν,
953 1744 971 1782 ὃ
991 1741 1096 1790 δὀὐ,
1120 1742 1229 1783 ἀλλὰ
1262 1744 1417 1784 πάντες.
1479 1740 1593 1784 Plat.
1614 1740 1662 1782 in

144 1801 257 1852 Crit.
279 1802 364 1843 Vol.
386 1801 415 1842 i.
434 1814 478 1856 p.
509 1800 600 1842 108.
634 1806 674 1840 οὐ
705 1802 833 1841 πάσας
862 1799 944 1855 χρὴ
966 1799 1038 1840 τοὶς
1058 1797 1170 1848 δόξας
1189 1805 1263 1842 τῶν
1294 1799 1499 1856 ἀνθρώπων
1529 1805 1662 1852 τιμᾷν,

143 1859 253 1900 ἀλλὰ
273 1865 347 1900 τῶν
368 1859 453 1910 μὲν,
471 1862 544 1899 τῶν
558 1858 593 1898 δ’
614 1861 670 1899 οὗ.
732 1856 789 1898 Et
810 1856 954 1898 Phaed.
977 1870 1019 1911 p.
1041 1856 1140 1898 208.
1180 1857 1350 1914 Πότερον
1369 1856 1442 1909 οὖν,
1461 1858 1550 1910 ἔφη,
1571 1855 1665 1906 ποίν-

147 1933 220 1958 τας
240 1915 327 1957 τοὺς
348 1915 562 1972 ἔμπροσθεν
600 1917 737 1964 λόγους
766 1921 831 1956 οὐκ
853 1913 1112 1968 ἀποδέχεσθε,
1139 1914 1164 1959 ἦ
1197 1914 1283 1957 τοὺς
1315 1916 1400 1965 μὲν,
1430 1913 1519 1956 τοὺς
1538 1914 1572 1955 δ’
1589 1915 1630 1954 οὗ
1652 1927 1663 1961 ;

142 1972 246 2015 Τοὺς
263 1974 333 2022 μὲν
353 1975 513 2026 ἒφοίτνιν,
552 1972 638 2014 τοὺς
658 1973 690 2013 δ’
707 1976 763 2014 οὐ,
825 1973 1007 2015 Anthol.
1029 1973 1108 2014 Gr.
1128 1978 1231 2015 tom.
1255 1975 1285 2015 i.
1311 1988 1353 2029 p.
1375 1973 1446 2014 54.
1477 1970 1664 2014 eds-Ja-

145 2031 243 2073 cobi
261 2047 270 2072 :
306 2029 390 2071 Καὶ
408 2031 490 2071 τοδε
510 2030 758 2075 Φωκυλίδεω.
820 2030 951 2086 Λέριοι,
966 2033 1086 2072 κακοί·
1104 2034 1183 2085 οὐχ
1205 2033 1221 2072 ὁ
1237 2032 1306 2079 μὲν
1323 2030 1361 2073 ὃς
1380 2031 1414 2071 δ’
1428 2034 1485 2072 οὐ·
1510 2031 1667 2077 πάντες,

145 2089 251 2132 πλὴν
291 2088 525 2144 Προκλέους·
555 2089 618 2129 καὶ
650 2088 855 2144 Προκλέης
888 2088 1031 2144 Λέριος.
1087 2088 1194 2131 'Jam
1223 2103 1323 2131 vero
1354 2089 1392 2130 δὲ
1422 2088 1666 2142 affirmandi

146 2147 377 2201 particulae
414 2147 681 2200 respondens
719 2148 805 2187 erit
838 2152 990 2188 tamen.
1038 2145 1146 2188 Haec
1178 2147 1272 2200 ejus
1293 2148 1360 2188 vis
1391 2147 1668 2188 adversativa

147 2209 215 2245 est
236 2204 547 2253 usitatissima,
578 2209 623 2246 et
659 2217 774 2258 saepe
795 2205 1008 2246 declarari
1042 2208 1190 2259 potest
1210 2206 1442 2259 particulis
1461 2209 1606 2246 contra
1625 2205 1670 2244 et

141 2260 304 2316 potius.
371 2261 457 2302 Sed
476 2266 526 2303 ut
545 2263 658 2304 istuc
679 2262 873 2309 redeam,
894 2264 931 2303 si
952 2262 1156 2304 universe
1178 2276 1364 2315 quaeraS,
1384 2263 1545 2314 quibus
1567 2273 1668 2315 par-

147 2320 298 2360 ticulis
320 2320 433 2361 verti
455 2320 644 2361 debeant
661 2321 730 2368 μὲν
751 2324 796 2361 et
815 2319 867 2371 δὲ,
887 2321 963 2361 ubi
996 2321 1111 2362 inter
1132 2333 1178 2362 se
1198 2321 1464 2374 respondent
1483 2333 1494 2368 ;
1524 2319 1668 2361 nullas

150 2375 332 2417 habebis
350 2381 509 2431 praeter
546 2377 718 2433 quidem
747 2382 793 2419 et
827 2384 980 2420 autem.
1041 2377 1129 2418 Sed
1159 2382 1305 2419 tamen
1343 2381 1387 2420 et
1422 2378 1671 2431 his,inepte

151 2434 375 2488 plerisque
393 2436 438 2475 in
461 2436 568 2476 locis
588 2436 745 2483 utariS,
767 2439 809 2476 et
830 2436 960 2477 facile
976 2436 1165 2484 sentias,
1195 2436 1504 2490 prioremifere
1521 2435 1670 2488 ,negli-

153 2491 343 2545 gendam
364 2505 475 2540 esse,
496 2494 785 2547 posteriorem
805 2493 934 2534 modo
966 2493 1123 2535 leniori
1155 2493 1285 2535 modo
1306 2493 1506 2546 graviori.
1530 2492 1671 2548 parti-

153 2549 252 2592 cula
271 2549 553 2591 reddendam.
617 2550 703 2592 Sed
725 2552 778 2592 de
802 2551 883 2592 hac
903 2565 950 2593 re
971 2552 1063 2593 alii.
1232 2575 1233 2578 =
1492 2557 1512 2593 γἶ
1599 2587 1610 2594 Δ.

212 2605 255 2648 3.
289 2605 356 2647 Ad
391 2620 470 2648 nos
502 2609 691 2650 maxime
727 2609 810 2659 hoe
842 2609 1050 2662 pertinet,
1085 2613 1136 2652 ut
1157 2615 1434 2658 moneamus,
1449 2609 1519 2658 μὲν
1553 2606 1672 2650 eta}

154 2663 272 2704 inter
292 2677 338 2705 se
360 2665 518 2706 relatas
541 2667 701 2721 saepius
725 2660 788 2707 ita
807 2668 929 2720 poni,
960 2670 1011 2708 ut
1029 2668 1212 2723 propria
1234 2680 1384 2708 earum
1405 2662 1474 2708 v‘is'
1492 2666 1672 2707 omnino

156 2734 244 2763 non
265 2722 406 2776 possit
426 2726 590 2774 urgeri,
626 2725 700 2765 sed
723 2728 771 2764 ut
799 2725 1104 2771 tantummodo
1137 2726 1368 2767 sententiis
1396 2728 1508 2779 ‘apte
1541 2730 1673 2776 copu-

155 2779 300 2820 landis
323 2780 578 2822 inserviant.
641 2780 868 2822 Hactenus
898 2783 983 2824 illae
1011 2785 1202 2826 maxime
1235 2783 1476 2832 abundant.
1536 2779 1671 2834 Lapsi

155 2840 258 2878 sunt
295 2837 378 2878 viri
417 2837 533 2879 docti
570 2840 658 2897 vim
696 2852 846 2880 earum
877 2840 1183 2894 intempestive
1211 2844 1434 2892 urgentes,
1469 2851 1567 2893 quae
1605 2850 1673 2879 res

156 2895 267 2943 mihi
308 2908 482 2950 causam
515 2896 652 2944 dedit,
687 2901 741 2943 ut,
771 2898 824 2938 de
862 2910 944 2939 usu
975 2910 1125 2939 earum
1164 2898 1416 2952 copulativo
1445 2897 1500 2938 ad
1529 2893 1674 2942 Xeno-

155 2952 365 3009 phontem
385 2954 668 3010 disputa-rem.
730 2953 831 3014 Vid.
856 2956 946 3003 ind.
971 2956 1053 2999 sub
1074 2958 1159 3005 μέν.
1219 2954 1306 2999 Hic
1321 2955 1418 3008 jam
1438 2955 1531 3014 aliav
1556 2966 1674 3008 quaev
