1838 3164
189 131 269 178 130
419 153 421 156 ’
525 135 848 180 PLEONASMI
877 139 1371 180 CONJUNCTIONUM.

189 250 244 292 ob
265 250 399 305 idque
416 249 589 305 clarior,
607 254 881 308 praeferenda
899 253 1215 297 videtur.-—De
1249 255 1345 296 ὥστε
1377 252 1515 296 etiam
1548 250 1598 294 in
1625 250 1711 295 fine

192 308 326 363 hujus
345 322 443 367 cap.
467 311 636 366 aliquid
655 312 827 354 addam.

770 417 1127 464 TOIPAPTOI.

250 510 365 554 Oum
395 512 552 555 harum
593 512 913 568 particularum
946 512 1093 555 media
1131 513 1191 555 sit
1220 526 1244 554 e
1274 511 1444 555 duabus
1487 529 1532 563 γε
1562 516 1607 556 et
1635 510 1663 554 a}
1684 528 1712 555 α

192 571 454 625 composita,
484 571 651 618 omnia,
681 582 779 623 quae
797 570 961 622 insunt,
997 571 1062 612 sic
1080 571 1326 626 exprimere
1346 582 1608 626 possumus:
1641 527 1712 613 ἕω

192 626 271 669 hoc
292 634 416 675 certe,
447 632 499 670 ut
524 633 900 685 argumentemur,-
929 641 982 669 ex·
1003 626 1112 669 hoc:
1152 629 1244 670 sive
1280 630 1368 672 sic:
1413 627 1511 671 ideo
1543 634 1653 672 onte
1685 638 1711 671 e

193 684 322 728 modo
349 684 490 734 dictis,
511 684 622 728 ideo.
684 685 889 727 Affirmat
908 685 1048 739 igitur
1078 687 1225 741 prima
1252 687 1471 741 particula
1489 684 1713 728 :restrin-

191 744 260 796 git
289 747 334 785 et
370 745 533 786 limitat
567 744 905 785 affirmationem
937 744 1103 785 media:
1137 745 1366 797 gravitatis
1406 757 1540 787 causa
1559 744 1712 798 adjici-

193 803 267 842 tur
294 802 445 849 tertia,
477 806 527 843 ut
560 801 850 855 intelligatur,
879 800 989 842 nihil
1029 802 1271 843 detractum
1306 815 1400 844 esse
1429 803 1712 844 affirmationi

193 859 365 912 adJecta
398 859 603 901 secunda.
665 858 730 900 Ex
761 860 911 900 eodem
942 859 1036 901 loco
1069 860 1158 901 haec
1187 860 1434 908 illustrabo,
1465 873 1553 914 quo
1589 857 1711 909 Hoo-

197 929 363 967 geveen
401 918 555 967 utitur,
585 916 696 958 Plat.
719 917 801 958 vol.
825 917 879 956 iv.
914 915 1047 970 Gorg.
1080 930 1126 972 p.
1164 916 1258 959 103.
1317 915 1521 960 Callicles
1545 918 1716 973 jamp.

194 973 262 1014 78.
287 979 467 1016 venuste
487 979 667 1026 questus
689 977 783 1015 erat
800 974 855 1015 de
871 977 1059 1027 argutiis
1091 974 1302 1023 Socratis,
1338 975 1499 1028 quibus
1530 975 1642 1017 alios
1661 988 1713 1017 eo

194 1034 442 1085 compellat,
470 1036 519 1073 ut
540 1033 586 1074 in
618 1032 886 1086 disputando
917 1033 1002 1074 sibi
1040 1034 1126 1088 ipsi
1166 1036 1429 1088 repugnent,
1456 1032 1716 1088 dixeratque

197 1092 247 1130 ὡς
267 1090 427 1133 ἀληθῶς
456 1088 667 1145 δημηγόρον
693 1088 799 1131 ’ὄψι-α.
861 1090 1081 1146 Deinceps
1116 1104 1215 1132 cum
1251 1091 1332 1133 hoc
1365 1090 1737 1145 pronuntiasset,

196 1146 364 1189 beatum
397 1160 500 1196 esse,
545 1147 623 1205 qui
652 1146 911 1204 cupiditates
942 1161 1042 1190 suas
1071 1147 1236 1206 eoeplere
1258 1148 1411 1206 possit,
1443 1148 1602 1202 quaerit
1637 1146 1715 1190 So-

193 1209 351 1253 crates,
387 1218 490 1247 num
518 1204 735 1249 scabiosus
767 1205 884 1254 item,
919 1205 997 1262 qui
1025 1220 1104 1262 ‘per
1140 1212 1272 1249 totam
1304 1206 1439 1249 vitam
1474 1221 1520 1249 se
1547 1203 1718 1263 fn‘eare

188 1261 342 1318 possit,
373 1261 519 1304 beatus
538 1262 671 1305 vivat.
733 1262 913 1318 Excipit
934 1263 980 1305 C.
1005 1265 1095 1306 ita:
1139 1264 1221 1305 Ὠς
1255 1263 1396 1306 ἄτοπος
1429 1261 1475 1314 εἴ,
1507 1263 1537 1305 ὦ
1561 1261 1630 1312 Σ.,
1651 1263 1729 1305 καῖ·

193 1323 372 1374 ἀτεχνῶς
390 1320 635 1377 δημηγόροςέ
667 1320 781 1363 Tum
803 1320 848 1362 S.
873 1335 883 1361 :
915 1319 1136 1377 Τοιγάρτοι,
1154 1321 1182 1363 ὦ
1205 1320 1465 1371 Καλλίκλεις,
1487 1321 1633 1363 Πῶλον
1646 1321 1717 1371 μὲν

196 1378 260 1419 καῖ
293 1376 460 1433 Γοργίαν
499 1379 562 1419 καὶ
587 1378 782 1428 ἐξέπληξα
819 1378 883 1419 καὶ
921 1378 1173 1432 αἰσχύνεσθαι
1215 1381 1397 1422 eminam:
1446 1379 1488 1420 h.
1529 1393 1566 1420 e.
1617 1377 1717 1421 ideo

196 1442 303 1476 certe
335 1449 389 1476 θα)
422 1450 471 1477 eo
511 1436 627 1492 quod
657 1433 829 1483 dixisti,
860 1434 996 1490 (quod
1033 1450 1128 1478 sum
1159 1436 1458 1492 concionator)
1486 1433 1645 1478 Polum
1675 1442 1718 1478 et

199 1491 405 1548 Gorgiam
432 1492 681 1549 perturbavi
700 1499 741 1534 et
769 1493 936 1550 pudore
965 1492 1106 1550 affeci.
1167 1492 1351 1535 Luciani
1373 1495 1517 1536 locum
1538 1494 1716 1542 addam,

196 1551 272 1602 qui
294 1552 340 1591 in
370 1551 486 1592 libro
517 1549 568 1592 de
602 1564 754 1593 consor.
792 1550 888 1592 hist.
917 1566 955 1594 c.
991 1551 1061 1593 28.
1095 1551 1148 1592 de
1180 1553 1392 1607 scriptore
1422 1556 1590 1599 narrat,
1619 1552 1714 1605 qui,

196 1609 373 1649 omissis
403 1609 534 1649 rebus
566 1609 620 1649 ad
659 1609 891 1650 historiam
927 1608 1252 1664 pertinentibus
1287 1622 1358 1650 res
1398 1609 1644 1651 levissimas
1671 1613 1717 1650 et

195 1665 487 1707 alienissimas
519 1671 775 1719 persecutus
810 1671 919 1708 erat.
992 1665 1161 1707 Deinde
1197 1666 1398 1719 subjicit:
1430 1664 1634 1721 Τοιγάρτοι
1668 1666 1717 1707 εἱέ

199 1724 320 1764 κότως
341 1722 387 1765 ἄν
407 1739 464 1764 τις
498 1723 608 1771 εἴποι,
626 1721 715 1764 τοὺς
749 1726 939 1765 τοιούτους
959 1723 1004 1764 τὸ
1023 1725 1093 1772 μὲν
1124 1723 1224 1779 ῥόδον
1245 1723 1342 1764 αὐτὸ
1361 1723 1422 1772 μῆ
1453 1725 1626 1773 βλέπειν,
1645 1723 1720 1765 τοὶς

199 1778 372 1822 ἀκάνθας
392 1780 432 1822 δὲ
452 1784 571 1823 αὑτοῦ
591 1781 662 1822 τοὶς
682 1781 794 1836 παρὰ
815 1782 885 1825 τὴν
900 1783 1008 1838 ῥίζαν
1029 1784 1192 1837 ἀκριβῶς
1213 1783 1423 1823 ἐπισκοπεῖν
1441 1795 1451 1823 :
1485 1783 1516 1824 i.
1539 1795 1578 1823 e.
1598 1779 1720 1823 Hinc

197 1837 350 1894 igitur,
385 1836 501 1888 hinc,
532 1837 726 1895 inquam,
754 1844 871 1881 recte.
893 1839 990 1896 quis
1023 1837 1139 1881 dicat
1171 1843 1255 1881 etc.
1327 1839 1414 1881 Sed
1446 1839 1573 1881 valde
1601 1839 1735 1894 puti-—

197 1898 302 1937 dum
342 1901 470 1944 esset,
507 1897 621 1938 hunc
653 1898 700 1938 in
735 1898 915 1939 modum
951 1897 1116 1951 ubique
1151 1895 1448 1952 interpretari.
1507 1895 1560 1938 In
1593 1897 1719 1951 justa

199 1954 402 1996 versione
422 1955 581 1996 sufficit
601 1956 820 2010 particula
847 1954 1056 2013 profecto,
1094 1959 1173 1996 aut
1203 1953 1472 1997 verissimum
1504 1967 1608 1998 sane
1640 1959 1718 2004 est,

200 2015 279 2053 aut
313 2013 458 2054 simile
488 2012 610 2065 quid.
682 2011 906 2055 Usitatior
940 2014 1159 2068 particula
1194 2016 1390 2069 τοιγαροῦν
1413 2013 1597 2055 eandem
1625 2011 1721 2055 fere

200 2071 291 2111 vim
310 2070 458 2112 habet.
523 2067 622 2112 Hoc
642 2070 812 2112 scilicet
832 2071 1033 2120 interest,
1068 2069 1187 2126 quod
1219 2084 1271 2112 ea
1291 2071 1490 2126 ponitur,
1521 2074 1572 2113 ut
1599 2071 1647 2112 in
1670 2083 1720 2112 re

199 2140 377 2182 prorsus
397 2129 639 2183 explorata,
658 2141 792 2182 quam
812 2141 941 2171 nemo
959 2129 1062 2184 jam'
1081 2131 1128 2170 in
1148 2129 1333 2171 dubium
1361 2140 1518 2171 vocare
1546 2128 1688 2185 possit
1707 2141 1721 2177 ;

199 2187 391 2241 τοιγάρτοι
412 2199 517 2228 vero
535 2186 815 2240 aliquantum
836 2188 1079 2235 contendit,
1114 2187 1243 2241 quasi
1272 2192 1426 2229 contra
1447 2199 1537 2238 eos,
1557 2187 1632 2241 qui
1653 2199 1720 2229 se-

199 2256 276 2285 cus
295 2243 460 2286 sentire
478 2244 667 2300 possint.
729 2242 934 2287 Occurrit
963 2249 1008 2287 et
1029 2246 1077 2287 in
1099 2244 1268 2298 Gorgia
1288 2243 1404 2287 Plat.
1434 2258 1482 2300 p.
1510 2243 1581 2287 54.
1603 2247 1648 2286 et
1665 2242 1723 2285 de

202 2314 297 2356 rep.
318 2301 359 2343 5.
380 2302 464 2344 vol.
485 2302 563 2344 vii.
584 2315 630 2357 p.
653 2300 719 2344 13.
751 2300 899 2344 AEsch.
923 2316 990 2344 or.
1020 2317 1061 2345 c.
1096 2301 1296 2356 Ctesiph.
1329 2317 1367 2345 c.
1401 2300 1474 2344 24.
1535 2301 1719 2344 Lucian.

202 2358 410 2414 Nec-yom.
432 2374 468 2401 c.
494 2359 560 2402 16.
581 2358 721 2402 Ocell.
742 2361 848 2404 Luc.
869 2375 906 2403 c.
926 2359 967 2402 4.
988 2361 1100 2402 med.
1123 2371 1168 2416 p.
1191 2359 1291 2403 533.

258 2415 302 2458 2.
325 2416 480 2460 Visum
500 2421 568 2460 est
606 2418 679 2461 hic
709 2418 936 2475 disputare
965 2419 1020 2460 de
1051 2420 1157 2466 μέντ’
1179 2415 1239 2466 ἂν,
1272 2417 1483 2471 quoniam
1513 2418 1634 2464 sunt,
1667 2417 1721 2458 ut

202 2474 376 2529 opinor,
399 2476 476 2528 qui
498 2478 534 2517 τ’
556 2477 812 2518 existiment
846 2490 942 2519 esse
962 2493 1022 2525 τε,
1043 2490 1142 2518 cum
1162 2479 1327 2525 tamen,
1362 2477 1477 2518 sicut
1495 2475 1542 2517 in
1566 2474 1642 2530 (γάρ
1679 2474 1719 2514 τ’

205 2530 265 2580 ἂν,
284 2533 343 2573 sit
360 2531 489 2575 ΤΟΙ.
552 2532 837 2588 Hoogeveeni
868 2535 978 2576 liber
1012 2535 1065 2576 de
1094 2535 1254 2590 partic.
1293 2546 1362 2576 me
1399 2534 1469 2575 hic
1501 2532 1720 2575 destituit.

204 2589 274 2631 Ex
294 2590 349 2631 iis
371 2595 533 2642 autem,
567 2605 666 2646 quae
688 2593 805 2647 apud
826 2593 938 2634 alios
958 2593 1062 2645 legi,
1094 2596 1139 2634 et
1158 2604 1254 2644 quae
1283 2604 1382 2634 cum
1401 2592 1510 2633 viris
1537 2589 1722 2646 quibus-

206 2647 310 2688 dam
337 2648 476 2689 doctis
497 2650 550 2690 de
571 2650 652 2691 hac
686 2651 753 2691 vel
789 2651 1054 2705 synaloephe
1074 2649 1144 2691 vel
1164 2650 1295 2698 crasi,
1330 2663 1427 2702 quae
1448 2653 1517 2690 est
1537 2649 1584 2690 in
1603 2649 1637 2688 τ’
1659 2645 1720 2694 ἂν,

204 2706 537 2757 communicavi,
573 2707 665 2750 haec
697 2711 912 2762 putantur
943 2709 1203 2763 explorata:
1238 2707 1279 2763 1)
1313 2707 1637 2762 diphthongum
1672 2704 1722 2746 in

206 2779 262 2803 τοι
283 2775 370 2804 non
390 2776 518 2817 posse
539 2765 643 2806 elidi
663 2779 673 2814 ;
704 2765 752 2821 2)
789 2765 905 2820 apud
925 2769 1080 2820 poetas
1099 2766 1174 2808 ubi
1202 2769 1401 2807 occurrat
1422 2766 1457 2806 τ’
1481 2763 1541 2812 ἂν,
1563 2763 1608 2805 id
1627 2773 1723 2805 esse

206 2821 385 2874 quidem
404 2834 485 2874 pro
507 2838 564 2861 τοι
583 2820 643 2869 ἂν,
668 2824 743 2864 sed
762 2838 843 2878 per
875 2825 1020 2866 crasin
1041 2824 1252 2878 positum,
1285 2825 1349 2865 ita
1368 2827 1419 2864 ut
1437 2839 1469 2863 οι
1498 2834 1587 2863 non
1618 2820 1722 2862 sub-

205 2880 344 2920 latum
379 2879 451 2928 sit,
482 2879 557 2919 sed
597 2893 730 2921 unam
768 2883 815 2922 in
857 2882 1069 2934 syllabam
1108 2894 1208 2922 cum
1258 2878 1301 2922 ἂν
1321 2879 1563 2927 coaluerit;
1594 2877 1643 2933 3)
1672 2878 1720 2918 In

236 2949 337 2978 ¹·osa
366 2937 607 2993 particulas
636 2940 763 2987 μέντοι
783 2940 839 2982 ab
871 2937 913 2981 ἂν
943 2939 1217 2994 interpositis
1249 2938 1351 2982 aliis
1382 2937 1524 2981 verbis
1553 2936 1721 2986 dirimi,
