1838 3164
736 155 1076 205 AArAnA—Anrnu.
1585 129 1666 175 153

148 268 261 303 πτος,
282 253 357 298 οἳος
373 254 492 304 μηδὲν
513 253 558 297 ἂν
573 252 798 303 ψεύσασθαι
822 255 864 295 κε’
887 253 971 295 δους
991 253 1097 295 ἕνεκα
1116 250 1224 293 ἰδίου.
1283 247 1336 291 In
1349 247 1499 303 Epigr.
1513 247 1663 302 adesp.

147 311 328 356 dclxvii.
347 315 432 367 leg.
451 312 525 354 οΐος
544 313 686 354 ἐκείνας
703 272 940 361 ψεύσασζαι.
1000 308 1120 352 Οἶδεν
1139 310 1276 356 enim,
1296 307 1414 361 quod
1433 305 1667 347 Jacobsius

149 382 290 425 nuper
309 371 508 424 conjecit,
538 382 619 424 per
638 370 801 422 linguae
822 370 1014 412 indolem
1035 368 1106 410 h‘ic
1135 370 1255 409 stare
1282 379 1371 407 non
1388 366 1547 420 potest,
1568 376 1666 405 cum

150 428 209 470 sit
228 428 365 479 novit,
384 440 473 471 non
492 427 652 483 no'rat.)
682 426 885 469 SeHAEF.

571 507 593 528 ⁴*
623 507 907 557 ΛΑΜΠΑΣ,
939 505 1240 550 CANDELA.

206 583 526 639 Aristophanes
548 581 788 626 Ecclesiaz.
809 596 850 625 v.
877 581 1001 624 1035.
1031 581 1078 628 ἢν
1096 586 1230 637 περιῇς
1247 581 1294 630 «γε’
1311 596 1391 621 που
1418 580 1495 620 τῶν
1513 578 1666 633 κηρίων.

148 640 191 684 si
219 640 446 685 consumtis
463 639 591 683 cereis
609 646 815 696 superstes
843 638 916 682 sis.
978 638 1223 682 Brunckius
1252 637 1308 680 ad
1339 637 1384 678 h.
1414 637 1446 678 1.
1506 639 1536 661 “
1566 635 1669 677 Sus-

149 703 326 755 pentum
357 703 424 741 est
452 699 561 740 mihi
580 700 730 754 κηρίων,
760 698 878 752 quod
908 698 1069 740 nullibi
1100 698 1260 750 legisse
1288 695 1472 737 memini
1495 707 1551 736 ea
1582 694 1670 746 sig-

149 757 419 805 nificatione,
439 769 574 811 quam
599 757 730 810 hujus
750 756 836 797 loci
868 755 1091 798 sententia
1111 755 1304 808 flagitat,
1335 765 1491 807 nempe
1509 764 1590 806 pro
1609 764 1672 792 ce-

149 811 235 857 'reis
253 812 458 857 candelis.
515 813 806 857 Scribendum
825 815 999 870 κηρίνων,
1014 817 1060 854 et
1074 812 1266 855 notanda
1286 811 1456 867 ellipsis
1474 810 1674 853 substan-

149 873 232 915 tivi
249 869 516 923 λαμπάδων.”
543 872 745 915 SCHAEF.

625 954 650 978 2·
678 952 862 1004 ΛΑΟΣ,
894 934 1193 997 PoPULUS.

208 1030 331 1084 Stylo
345 1029 462 1073 Novi
481 1029 752 1072 Testamenti
781 1029 1026 1082 negligitur
1054 1029 1113 1070 ad
1142 1038 1302 1070 nomen
1332 1022 1520 1081 Ἰσραὴλ,
1550 1036 1593 1066 v.
1626 1037 1671 1077 g.

109 1081 118 1088 ”
154 1088 254 1140 Act,
274 1088 308 1130 i.
330 1085 369 1129 6.
389 1088 484 1129 xiii.
504 1086 579 1134 23,
610 1085 681 1128 24.
704 1087 781 1128 ubi
804 1100 888 1142 pro
920 1093 974 1142 τῷ
994 1085 1159 1142 Ἰσραὴλ
1180 1085 1331 1127 statim
1358 1085 1487 1138 plene
1517 1088 1572 1138 τῷ
1590 1087 1674 1138 λαῷ

147 1143 486 1202 Ἰσραήλ.,Οοῃ1“.
510 1146 647 1187 etiam
669 1143 836 1185 Matth.
854 1145 948 1186 viii.
973 1143 1038 1186 10.
1059 1157 1131 1185 xv.
1152 1141 1224 1184 24.
1258 1141 1398 1183 xxvii.
1419 1139 1492 1181 42.
1531 1138 1672 1181 Marc.

151 1215 224 1244 κν.
243 1202 315 1244 32.
332 1201 437 1244 Luc.
455 1203 486 1243 i.
510 1202 579 1243 68.
600 1203 649 1243 ii.
668 1201 742 1248 25,
764 1200 835 1244 34.
855 1202 913 1243 iv.
937 1201 1009 1243 25.
1035 1202 1111 1242 vii.
1129 1200 1170 1242 9.
1189 1204 1272 1241 etc.
1334 1197 1387 1241 In
1407 1198 1675 1253 quibusdam

151 1259 277 1309 locis,
298 1260 334 1301 si
354 1260 509 1307 mavis,
530 1261 685 1314 supple
701 1257 799 1299 οἶκος
819 1273 875 1300 ex
896 1258 1062 1301 Matth.
1080 1271 1124 1300 x.
1147 1257 1187 1300 6.
1203 1256 1253 1299 F.
1272 1255 1348 1298 ST.
1592 1270 1596 1274 ⁴

725 1343 749 1367 ²¹²
766 1336 1100 1382 AAXANON.

210 1411 263 1456 In
276 1412 481 1464 ἡδύοσμον,
503 1413 691 1463 mentha,
727 1412 893 1456 Matth.
915 1414 1040 1457 xxiii.
1067 1412 1142 1456 23.
1164 1413 1264 1456 coll.
1286 1410 1416 1456 Lucae
1429 1410 1596 1465 Evang.
1615 1411 1677 1453 xi.

151 1469 225 1515 42.
247 1469 396 1513 M1cn.

582 1530 604 1551 ³
633 1527 1004 1579 ΛΕΓΟΜΕΝΑ,
1034 1527 1242 1572 DICTA.

211 1602 554 1661 Proverbialiter
581 1604 771 1647 dicimus
800 1605 854 1647 τοὶ
887 1604 966 1647 ἀπὸ
999 1604 1188 1661 τρίποδος.
1234 1603 1426 1647 subaudi
1468 1602 1677 1653 λεγόμεναι,

152 1661 223 1706 vel
241 1661 482 1719 χρησθέντα.
539 1660 811 1716 Hesychius:
854 1663 1040 1719 παροιμία
1066 1662 1224 1704 ἐπὶτῶν
1254 1661 1417 1706 ἀληθῶς
1449 1663 1678 1713 λεγομένων,

154 1718 239 1765 ἤτοι
258 1719 336 1762 ἀπὸ
354 1725 422 1762 τοῦ
439 1720 642 1775 Δελφικοῦ
665 1719 854 1776 τρίποδος,
872 1720 898 1766 ἢ
921 1720 997 1762 ἀπὸ
1023 1726 1091 1762 τοῦ
1111 1719 1402 1776 Πυθαγορικοῦ.
1462 1717 1680 1773 [Galenus

154 1775 372 1832 Hippocr.
393 1776 540 1819 Gloss.
572 1777 742 1833 Explic.
770 1791 955 1834 prooem.
990 1791 1035 1833 p.
1058 1777 1128 1819 55.
1150 1781 1262 1819 extr.
1301 1776 1362 1818 H.
1390 1778 1542 1831 Steph.
1573 1778 1678 1825 νομί-

156 1837 212 1934 ξω
228 1835 276 1879 δή
297 1852 351 1876 σοι
370 1837 423 1876 τὰ
443 1835 516 1876 ὑπὸ
533 1834 833 1891 Ἀριστοφάνους
863 1837 1040 1891 ἀρκέσειν.
1072 1835 1260 1876 subaudi
1292 1836 1485 1884 λεγόμενα
1510 1848 1545 1876 S.
1576 1842 1679 1888 λεχ-

188 1895 290 1936 έντα.
341 1891 569 1948 Souna]
629 1892 778 1934 Etiam
807 1894 854 1934 in
888 1891 1042 1943 μεταξὺ
1080 1893 1432 1934 subaudiendum
1466 1894 1679 1941 λεγομένων

155 1951 275 2005 apud
300 1948 656 2005 Theophrastum
675 1951 868 1993 charact.
903 1963 1000 2005 cap.
1025 1949 1066 1992 7.
1127 1949 1260 1992 Plene
1289 1948 1442 1999 μεταξὺ
1466 1951 1679 1999 λεγομένων

157 2011 224 2050 est
242 2008 363 2063 apud
381 2006 629 2049 Lucianum
649 2009 696 2049 in
716 2007 997 2063 Philopseud.
1011 2006 1163 2056 μεταξὺ
1181 2009 1306 2056 λόγων
1325 2012 1473 2050 autem
1489 2009 1535 2048 in
1556 2006 1677 2049 Dial.
1747 2000 1750 2002 V

160 2064 403 2108 Charontis
431 2070 478 2107 et
512 2064 727 2107 Mercurii
758 2070 839 2108 etc.
879 2064 1042 2107 LEISN.
1103 2064 1465 2107 Hemsterhusius
1506 2065 1564 2106 ad
1592 2064 1677 2106 Lu—

157 2123 277 2168 ciam·
297 2122 411 2164 Coll.
448 2123 533 2165 Sel.
571 2137 618 2178 p.
645 2122 717 2165 59.
749 2130 781 2149 ‘⁶
810 2122 985 2173 Μεταξὺ
1011 2123 1152 2172 λόγων.
1211 2121 1440 2177 Loquendi
1475 2123 1679 2175 formula,

157 2193 292 2234 quam
307 2180 598 2235 usurpabant,
635 2182 674 2222 si
700 2182 808 2235 quid
840 2182 897 2223 ab
930 2181 1138 2223 instituta
1155 2181 1356 2223 oratione
1375 2181 1569 2222 alienum
1589 2194 1678 2222 ser-

110 2251 118 2253 *
158 2239 362 2280 monibus
396 2239 740 2282 intersereretur.
800 2239 1093 2296 Apollodorus
1124 2239 1243 2294 apud
1264 2238 1487 2281 Pollucem
1520 2251 1562 2279 x.
1604 2237 1676 2281 93.

159 2293 333 2346 Μεταξὺ
366 2301 441 2338 τῶν
465 2298 589 2346 λόγων
615 2297 655 2339 δὲ
675 2298 785 2338 τουτί
802 2315 867 2347 μοι
883 2297 994 2337 δοκεῖ·
1028 2297 1105 2339 ubi
1125 2310 1154 2339 a
1172 2310 1243 2338 me
1259 2297 1459 2351 quaedam
1478 2300 1583 2338 sunt
1601 2297 1677 2338 ob-

160 2353 378 2395 servata?
437 2352 543 2398 Haec
578 2356 625 2398 in
658 2358 827 2420 maj0re
858 2355 1043 2397 Luciani
1076 2355 1268 2397 editione
1297 2355 1464 2398 frustra
1490 2368 1678 2411 quaeraS.

163 2409 367 2453 Sonare.
1264 2454 1267 2458 .
1298 2443 1303 2447 .

693 2468 929 2519 ΛΕΓΩΝ,
960 2468 1199 2513 DIGENS.

222 2541 321 2584 Hoc
345 2545 424 2584 aut
452 2543 573 2585 aliud
606 2544 896 2598 participium
928 2545 1123 2597 ejusdem
1162 2545 1515 2599 significationis,
1562 2545 1682 2586 velut

162 2600 294 2648 εἰπὼν,
321 2603 499 2649 κελεύων,
519 2602 688 2655 passim
708 2602 1053 2643 subaudiendum
1084 2607 1153 2645 est
1183 2604 1567 2659 adintegritatem
1584 2616 1680 2644 ora-

164 2658 316 2699 tionis.
368 2658 606 2713 Sophocles
636 2658 712 2711 Aj.
732 2673 779 2701 v.
817 2658 918 2701 726.
954 2659 1017 2701 τὸν
1055 2665 1123 2702 τοῦ
1154 2663 1336 2711 μανέντας
1376 2664 1681 2714 κᾴπιβουλευτοῦ

167 2720 332 2771 στρατοῦ
352 2715 430 2769 (an
451 2722 603 2772 στρατῷ
620 2717 658 2772 2)
678 2718 866 2766 Ξύναιμον
887 2720 1184 2767 ἀποκαλοῦντες,
1204 2721 1254 2760 ὡς
1271 2721 1338 2760 οὐκ
1358 2721 1500 2774 ἀρκέσει
1520 2737 1558 2760 κ.
1581 2736 1620 2760 τ.
1637 2727 1680 2759 λ.

165 2773 243 2814 ubi
275 2771 546 2815 Brunckius:
592 2780 623 2799 “
664 2776 715 2815 ὡς
746 2777 813 2815 οὐκ
851 2777 1008 2831 ἀρκέσει.
1128 2775 1413 2818 Extrinsecus
1453 2777 1682 2817 adsumen-

167 2830 274 2872 dum
307 2833 596 2887 participium
627 2832 851 2880 λέγοντες.”
899 2831 1134 2888 Euripides
1177 2833 1331 2875 Phoen.
1362 2848 1403 2876 v.
1441 2833 1562 2888 1469.
1612 2834 1680 2874 ed.

166 2886 323 2930 Valck.
346 2888 459 2945 ἀνῇξε
481 2889 516 2929 δ’
538 2888 647 2945 cip-555
661 2889 755 2930 λαὸς
776 2891 828 2930 εἷς
845 2890 915 2946 ἕριν
934 2893 1073 2940 λόγων,
1102 2891 1253 2940 Ἠμεῖς
1270 2892 1357 2940 μὲν,
1379 2894 1428 2932 ὡς
1446 2896 1603 2933 νικῶντα
1624 2891 1681 2930 δε·
1703 2940 1707 2941 ⁷

169 2947 312 2990 πὸτ-ην
344 2946 452 3000 ἐμὸν,
482 2945 610 3003 013²,
629 2949 679 2992 ὡς
714 2949 860 2991 ἐκεῖνον.
880 2949 959 2991 ubi
991 2963 1035 2990 v.
1067 2948 1279 2992 Valcken.
1340 2949 1560 2992 Diodorus
1591 2948 1679 2991 Sic.
