1838 3164
416 161 736 212 pmomsm
763 123 1252 209 oonmcnonnm.
1530 162 1603 207 131

91 286 317 336 nunquam
336 285 485 326 autem
513 284 623 334 μέντ’
654 281 715 332 ἂν,
736 284 851 326 sicut
870 282 988 338 apud
1009 285 1181 337 poetas,
1202 290 1443 323 occurrere.
1501 266 1607 323 Jam

94 342 212 394 quod
232 341 288 383 ad
307 342 540 385 elisionem
557 342 679 383 inam
700 343 877 389 attinet,
909 348 997 382 non
1018 338 1148 381 video
1177 353 1256 381 cur
1286 339 1380 380 fieri
1400 350 1489 380 non
1507 349 1608 394 pos·
1684 394 1687 396 Ι

92 399 289 452 sit‚‚cum
309 401 443 442 etiam
463 397 730 454 diphthongi
752 417 789 440 αι
810 404 856 441 et
876 415 917 439 ευ
935 397 1069 452 abjici
1090 397 1272 440 soleant.
1332 393 1436 437 Vid.
1457 392 1606 439 Fisch.

91 454 324 499 Animadv.
348 457 404 499 ad
423 456 607 499 Welleri
630 455 708 498 Gr.
742 457 772 498 i.
793 469 838 512 p.
866 454 962 499 139.
1022 453 1125 505 Sed,
1158 467 1214 497 ne
1242 455 1417 508 longior
1436 454 1539 503 sim,
1570 455 1608 497 si

89 515 293 569 exempla
310 516 474 563 valent,
493 515 657 556 bonam
690 526 844 556 eorum
874 514 1049 569 copiam
1082 525 1108 555 e
1141 510 1432 568 scriptoribus
1461 523 1607 568 prosae

91 572 306 615 orationis
325 573 480 615 statim
509 573 643 621 dabo,
676 573 754 614 ubi
790 575 829 624 ‘q'
848 570 890 613 ἂν
911 585 1000 614 non
1029 575 1176 626 potest
1206 584 1295 613 non
1322 583 1416 613 esse
1450 584 1510 611 τοι
1546 568 1609 618 ἂν,

91 631 199 672 «mm
227 631 275 672 in
313 640 447 686 prosa
481 641 705 684 nunquam
734 631 804 679 μέν
837 646 880 671 τε
908 628 983 684 (de
1015 641 1104 684 quo
1137 640 1179 670 v.
1206 625 1284 670 TE
1315 624 1363 670 S.
1395 623 1463 684 2.)
1489 624 1609 669 dica-

91 689 195 729 tur.
241 684 331 730 Sed
363 688 565 743 exempla
601 689 698 743 ipsa
718 700 825 730 num
854 687 970 729 forte
990 687 1269 729 infirmantur
1297 698 1367 735 ee,
1396 684 1516 740 quod
1534 680 1611 728 de-

89 742 473 800 indedefendunt‚
505 745 645 788 crasin
671 759 764 788 esse
799 746 846 787 in
868 747 905 786 τ’
936 743 997 794 ἂν,
1018 755 1109 789 non
1143 742 1411 799 ecthlipsin'!
1470 739 1610 784 Mini-

90 804 287 844 medere.
349 801 629 845 Gravissima
646 804 827 858 quidem
847 801 919 844 hic
947 807 1016 846 est
1036 803 1277 845 auctoritas
1295 799 1499 850 Porsoni,
1529 800 1609 854 qul

89 859 148 901 ad
166 857 391 915 Euripidis
412 860 618 903 Medeam
639 875 679 903 v,
723 861 813 904 163.
845 865 1018 903 mutata
1047 862 1233 903 lectione
1266 858 1429 901 Aldina
1462 857 1529 899 οὐκ
1564 857 1610 899 ἄν

88 918 127 965 ιγ’
149 918 337 973 ἁμάρτοις
354 919 402 959 in
421 922 464 959 οὐ
484 921 518 959 τ’
541 918 584 961 ἂν
603 923 678 967 α’μ.
703 921 795 960 haec
814 919 961 960 addit:
995 922 1024 942 ‘⁶
1045 917 1170 960 Elidz·
1197 931 1286 960 non
1310 922 1454 974 potest
1482 914 1610 972 diph-

92 979 134 1019 “,
159 973 343 1031 thongus
361 975 410 1017 in
430 993 502 1024 τοι,
536 976 610 1018 sed
623 991 704 1032 per
722 974 863 1018 crasz'n
882 975 1068 1017 vocalem
1096 975 1273 1031 longam
1291 973 1431 1032 efficit.
1489 972 1610 1015 Avis-

92 1029 122 1055 “
154 1030 268 1088 toph.
298 1030 482 1075 Acharn.
511 1032 606 1075 16].
645 1035 835 1075 ὺποστένοι
868 1035 975 1080 μέντ’
999 1031 1042 1074 ἂν
1074 1033 1091 1074 ὃ
1126 1030 1308 1090 θρανίτης
1327 1031 1442 1080 λεῶς,
1461 1028 1542 1074 ubi
1559 1029 1611 1073 Ob

91 1089 123 1113 “
150 1094 330 1132 metrum
360 1089 521 1133 scilicet
542 1089 717 1133 addidit
749 1088 997 1132 Brunckius
1014 1093 1052 1140 γ’
1077 1090 1147 1145 (id
1166 1088 1283 1147 quod
1289 1090 1390 1146 jam
1402 1100 1611 1146 praecepe-

92 1150 123 1172 “
154 1153 224 1188 rat
242 1142 532 1190 Marklandzae
559 1149 619 1190 ad
648 1146 798 1205 Suppl.
818 1147 942 1199 376.)
971 1146 1165 1190 Eandem
1192 1153 1496 1206 praeposteram
1525 1159 1611 1188 me-

90 1209 123 1230 “
156 1202 348 1248 divinam
357 1203 473 1263 fecit
494 1204 544 1248 in
564 1205 789 1249 Ecclesiaz.
823 1205 952 1247 &463²
980 1211 1063 1248 etc.
1124 1205 1191 1248 Ex
1222 1208 1320 1259 ejus
1354 1205 1492 1259 igitur
1512 1213 1611 1246 sen-

90 1263 235 1304 tentia
253 1275 343 1305 non
362 1268 456 1305 tam
485 1267 669 1319 propter
701 1265 983 1319 positionem,
1015 1274 1151 1317 quam
1180 1267 1362 1318 propter
1379 1262 1545 1311 crasin,
1569 1259 1613 1311 ἐξ

90 1322 136 1359 et
154 1318 256 1371 alia,
277 1323 323 1363 et
342 1320 488 1375 ipsum
519 1320 561 1362 ἂν
581 1321 716 1363 etiam
754 1322 862 1363 alibi
895 1322 1078 1374 longum
1112 1320 1264 1363 haberi
1303 1319 1448 1368 debet,
1482 1321 1534 1361 ut
1562 1317 1612 1361 In

90 1375 305 1431 Nicandri
325 1377 630 1432 Alexipharm.
657 1377 751 1420 162.
803 1377 872 1434 Τῷ
890 1381 999 1426 μέντ’
1023 1376 1063 1427 ἐξ
1085 1377 1220 1419 ἐδαίνοιο
1241 1377 1369 1431 πόροις
1388 1375 1507 1418 δέπας
1525 1379 1610 1418 etc.

87 1437 135 1475 et
152 1434 201 1475 in
218 1434 412 1481 carmine
432 1434 624 1477 Maximi
645 1435 734 1491 περὶ
755 1438 946 1490 ἀπαρχῶν
967 1447 1009 1476 V.
1042 1434 1114 1476 87.
1156 1433 1264 1475 ''Hr'
1283 1434 1326 1475 ἂν
1345 1435 1488 1482 «γείτοσι
1507 1435 1612 1490 χάρ-

86 1504 149 1540 μα
169 1495 254 1534 etc.
314 1491 419 1534 Non
439 1493 580 1534 audeo
608 1492 688 1535 tali
721 1493 817 1534 viro
849 1492 1091 1546 quidquam
1127 1499 1363 1547 opponere.
1423 1490 1510 1533 Sed
1544 1495 1611 1533 ta·

86 1562 188 1591 men
208 1550 246 1591 si
266 1549 315 1591 in
334 1563 466 1604 prosa
485 1563 566 1605 per
586 1563 634 1592 se
654 1551 822 1592 clarum
840 1551 945 1597 fuit,
958 1552 1074 1592 sicut
1089 1550 1282 1597 ostendi,
1303 1547 1342 1589 T
1360 1560 1461 1592 cum
1482 1561 1611 1604 apos-

85 1605 247 1661 tropho
266 1618 354 1648 non
374 1619 470 1649 esse
489 1624 550 1655 τε,
571 1608 649 1649 sed
683 1625 756 1654 τοι,
778 1612 824 1649 et
842 1609 880 1648 si
911 1607 1203 1649 vetustissimi
1242 1607 1344 1648 libri
1385 1618 1485 1648 mss.
1517 1619 1609 1648 non

91 1681 149 1704 τοι
161 1666 194 1705 ’ν
231 1664 447 1718 praebent,
487 1665 565 1706 sed
598 1667 634 1705 τ’
668 1663 741 1705 ἄνε
775 1677 909 1706 sonus
940 1664 1205 1718 diphthongi
1237 1666 1317 1706 aut
1349 1664 1498 1706 nullus
1531 1667 1612 1706 aut

90 1721 335 1776 perbrevis,
356 1722 611 1777 productior
630 1725 780 1763 autem
808 1722 1038 1776 particulae
1058 1720 1117 1770 ἂν,
1149 1721 1260 1774 (sive
1280 1720 1444 1763 vocalis
1466 1722 1512 1777 a)
1545 1722 1611 1762 vi-

91 1778 222 1821 detur
253 1780 489 1822 exauditus
520 1780 672 1822 fuisse.
733 1777 1032 1821 Veruntamen
1062 1779 1174 1820 illud
1198 1778 1252 1820 de
1286 1778 1401 1821 crasi
1432 1782 1479 1820 et
1507 1779 1612 1820 inde

90 1834 307 1891 producto
340 1836 384 1878 ἂν
413 1837 614 1879 firmatur
649 1837 772 1885 locis,
816 1838 862 1878 in
893 1837 1055 1891 quibus
1091 1837 1199 1878 item
1231 1849 1312 1891 per
1340 1835 1610 1891 diphthongi

89 1895 237 1936 crasin
256 1893 404 1937 brevis
423 1896 588 1939 vocalis
609 1898 688 1937 aut
706 1895 875 1948 syllaba
895 1898 1093 1936 mutatur
1112 1894 1161 1935 in
1180 1895 1372 1948 longam,
1392 1897 1444 1936 ut
1462 1894 1612 1949 ipsum

91 1948 136 1992 ἂν
154 1951 203 1994 in
221 1949 292 1993 κᾶν
309 1965 392 2008 pro
413 1953 478 1994 καὶ
500 1952 560 2002 ἂν,
595 1954 661 2010 χῷ
680 1965 764 2007 pro
792 1953 857 1993 καὶ
879 1954 896 1993 ὅ
915 1951 1099 1994 Theocr.
1133 1953 1163 1993 i.
1194 1950 1264 1992 72.
1299 1955 1346 1993 et
1382 1950 1612 2006 ArIStoph.

47 2009 53 2015 ’
92 2007 213 2051 Nub.
232 2008 334 2052 529.
355 2014 401 2052 et
420 2010 519 2052 651.
540 2011 689 2064 χῶπως
715 2021 796 2065 pro
817 2009 880 2050 καὶ
910 2010 1026 2058 ὅπως,
1055 2009 1285 2065 Aristoph.
1320 2007 1472 2063 Equit.
1505 2008 1611 2052 495.

90 2064 271 2109 Similia
289 2072 392 2110 sunt
412 2067 540 2110 Pind.
562 2053 687 2122 Pyth.
709 2067 763 2108 θ’.
799 2066 870 2109 83.
901 2081 958 2109 ss.
982 2071 1028 2109 et
1047 2067 1170 2109 alibi.
1230 2065 1318 2109 Sed
1345 2067 1404 2108 ad
1430 2079 1612 2110 causam

92 2128 291 2167 nostram
310 2125 422 2168 nihil
454 2127 655 2173 interest,
678 2125 781 2167 sive'
803 2138 882 2180 per
915 2126 1236 2180 apostrophum
1272 2124 1318 2165 τὸ
1335 2123 1404 2166 ΟΙ
1436 2129 1611 2171 statuas

90 2181 314 2236 abjectum
342 2196 454 2232 esse,
476 2184 570 2226 sive
598 2184 787 2225 mixtum
817 2184 863 2224 in
882 2183 1100 2238 particula
1131 2181 1176 2223 ἂν
1207 2184 1370 2224 latere:
1405 2183 1534 2225 modo
1563 2185 1613 2226 in

89 2241 199 2287 μέντ’
218 2253 436 2294 agnoscas
454 2241 594 2290 μέντοι.
653 2239 758 2282 Jam
779 2239 967 2282 Budaeus
997 2241 1045 2282 in
1084 2238 1422 2282 Commentariis
1455 2239 1537 2283 Gr.
1559 2238 1612 2283 L.

89 2309 138 2351 p.
166 2297 286 2340 1286.
331 2301 360 2323 ‘⁴
379 2298 509 2340 Μέντ’
541 2297 585 2340 ἂν
620 2312 675 2340 ex
705 2301 834 2352 μέντοι
866 2302 910 2340 et
936 2297 979 2339 ἂν
1012 2299 1334 2353 componitur.”
1392 2294 1481 2340 Sed
1509 2298 1611 2354 plus

91 2357 373 2400 auctoritatis
393 2357 574 2408 habent,
594 2368 690 2411 quae
710 2356 934 2398 afferenda
959 2359 1127 2398 restant
1155 2356 1357 2410 exempla
1376 2368 1402 2398 e
1427 2357 1610 2412 scripto-

93 2408 217 2463 ribus
253 2426 396 2469 prosae
426 2415 659 2457 orationis.
733 2413 1004 2456 Notaveram
1032 2414 1140 2455 olim
1166 2414 1262 2455 loca
1291 2414 1339 2455 in
1371 2415 1534 2468 quibus
1564 2421 1619 2459 et.

8 2503 11 2505 ,
93 2470 191 2524 ipse
218 2470 381 2514 dubius
407 2473 639 2521 haeseram,
669 2486 774 2514 num
791 2475 938 2514 essent
967 2484 1148 2526 prorsus
1178 2483 1287 2513 sana
1308 2485 1320 2511 :
1351 2467 1487 2515 Isocr.
1509 2472 1611 2516 adv.

90 2525 268 2570 Gallim.
291 2541 335 2584 p.
355 2542 412 2571 m.
435 2527 534 2571 940.
566 2529 634 2571 Οὐ
653 2532 760 2579 μέντ’
782 2528 825 2570 ἄν
845 2528 1024 2578 μοιδοκῶ
1046 2533 1177 2582 φυγεῖν
1196 2528 1278 2570 οὐδὲ
1310 2529 1381 2572 τὴν
1401 2528 1609 2586 Θρασυλό-

92 2603 173 2640 χου
190 2587 361 2635 «γνώμην.
421 2585 650 2629 Demosth.
681 2587 861 2642 Olynth.
892 2588 921 2627 i.
944 2591 1052 2628 extr.
1088 2591 1163 2628 τῶν
1200 2586 1463 2629 ἀτοπωτάτων
1481 2591 1554 2637 μέν
1572 2591 1610 2630 τ’

92 2641 137 2684 ἂν
157 2642 230 2687 εἴη.
288 2643 376 2686 Sed
396 2648 441 2686 et
459 2657 488 2686 a
507 2642 669 2686 Budaeo
689 2646 817 2700 plura
836 2658 860 2686 e
893 2643 1191 2686 Demosthene
1221 2645 1424 2699 exempla
1450 2659 1611 2701 propo·

92 2701 179 2742 sita
193 2702 356 2757 reperi,
377 2706 422 2744 et
440 2707 677 2756 postquam
707 2703 822 2757 apud
855 2701 1084 2744 Platonem
1118 2703 1208 2743 vidi
1239 2703 1481 2756 particulas
1510 2705 1609 2746 illas

97 2760 262 2858 ssaepssm
282 2760 347 2860 itta
366 2762 534 2860 ⁹⁹⁸³&
552 2760 962 2860 ⁰33⁰{5ffl332ffi‘335a
980 2760 1460 2861 ''1⁰7¹'1'³{b{3⁰⁰31¹÷3⁰t⁸”5
1478 2764 1606 2829 ‘⁰³93‘

133 2829 192 2858 un
232 2830 382 2860 auem
442 2847 452 2858 .
534 2825 574 2859 .·
625 2849 634 2858 .
717 2850 726 2859 .
812 2849 821 2858 .
947 2850 957 2858 .
1082 2848 1091 2858 .
1211 2847 1221 2857 .
1345 2832 1607 2862 .vo.vu¹.

96 2885 144 2928 p.
165 2871 237 2916 92.
266 2880 311 2917 et
328 2831 438 2917 3511.²
454 2876 538 2917 vol.
558 2888 603 2916 x.
637 2889 682 2930 p.
712 2874 814 2917 210.
875 2873 1089 2917 Brevibus
1121 2876 1213 2917 fere
1239 2875 1492 2930 hujusmodi
1522 2877 1610 2920 for·

95 2930 229 2973 mulis
267 2936 498 2975 constant:
530 2937 675 2982 «γελοῖον
709 2931 887 2987 (ἄτοπον,
922 2932 1099 2990 αἰσχρὸν)
1126 2934 1234 2982 μέντ’
1265 2933 1309 2975 ἂν
1342 2935 1425 2977 εἶ”ηῑ
1458 2935 1535 2977 sed
1563 2939 1610 2978 et

93 2988 210 3041 aliis,
231 2994 282 3033 ut
296 2991 602 3047 χρηματίζοιντο
620 2993 730 3041 μέντ’
745 2991 789 3033 dv
809 2991 924 3036 ’ἦττον
945 2990 1115 3041 ἀναιδῶς,
1138 2995 1180 3034 et
1203 2990 1289 3033 ἴσως
1305 3009 1352 3038 μ.
1375 2991 1419 3035 ἄν
1439 3011 1496 3036 τις
1524 2993 1608 3044 μοῖ,

1256 3050 1280 3076 νε
1306 3063 1332 3090 K
1359 3055 1377 3082 2
