<?xml version="1.0" encoding="UTF-8"?>
<!DOCTYPE html PUBLIC "-//W3C//DTD XHTML 1.0 Transitional//EN"
    "http://www.w3.org/TR/xhtml1/DTD/xhtml1-transitional.dtd">
<html xmlns="http://www.w3.org/1999/xhtml" xml:lang="en" lang="en">
 <head>
  <title>
</title>
<meta http-equiv="Content-Type" content="text/html;charset=utf-8" />
  <meta name='ocr-system' content='tesseract 3.04.00' />
  <meta name='ocr-capabilities' content='ocr_page ocr_carea ocr_par ocr_line ocrx_word'/>
</head>
<body>
  <div class='ocr_page' id='page_1' title='image "./ellipsesgraecaec00bosluoft_0746.png"; bbox 0 0 1838 3164; ppageno 0'>
   <div class='ocr_carea' id='block_1_1' title="bbox 162 125 1334 188">
    <p class='ocr_par' dir='ltr' id='par_1_1' title="bbox 162 125 1334 188">
     <span class='ocr_line' id='line_1_1' title="bbox 162 125 1334 188; baseline 0.001 -2"><span class='ocrx_word' id='word_1_1' title='bbox 162 142 242 187; x_wconf 83' lang='lat'>140</span> <span class='ocrx_word' id='word_1_2' title='bbox 510 125 828 187; x_wconf 58' lang='lat' dir='ltr'><strong>PLEONA‘SMI</strong></span> <span class='ocrx_word' id='word_1_3' title='bbox 858 147 1101 188; x_wconf 83' lang='lat' dir='ltr'><strong>PLURIUM</strong></span> <span class='ocrx_word' id='word_1_4' title='bbox 1128 147 1334 188; x_wconf 81' lang='lat' dir='ltr'>vocUM.</span> 
     </span>
    </p>
   </div>
   <div class='ocr_carea' id='block_1_2' title="bbox 141 259 1717 1696">
    <p class='ocr_par' dir='ltr' id='par_1_2' title="bbox 147 259 1717 1064">
     <span class='ocr_line' id='line_1_2' title="bbox 157 259 1671 319; baseline 0.004 -18"><span class='ocrx_word' id='word_1_5' title='bbox 157 261 294 313; x_wconf 86' lang='lat' dir='ltr'>igitur</span> <span class='ocrx_word' id='word_1_6' title='bbox 314 261 373 303; x_wconf 76' lang='grc' dir='ltr'>τὶς</span> <span class='ocrx_word' id='word_1_7' title='bbox 392 281 417 306; x_wconf 81' lang='grc' dir='ltr'>η</span> <span class='ocrx_word' id='word_1_8' title='bbox 438 261 754 316; x_wconf 82' lang='lat' dir='ltr'>propemodum</span> <span class='ocrx_word' id='word_1_9' title='bbox 776 261 1016 303; x_wconf 83' lang='lat' dir='ltr'>abundant.</span> <span class='ocrx_word' id='word_1_10' title='bbox 1053 259 1166 303; x_wconf 85' lang='lat' dir='ltr'>Plat.</span> <span class='ocrx_word' id='word_1_11' title='bbox 1190 260 1327 316; x_wconf 84' lang='lat' dir='ltr'>Gorg.</span> <span class='ocrx_word' id='word_1_12' title='bbox 1349 262 1434 305; x_wconf 86' lang='lat' dir='ltr'>vol.</span> <span class='ocrx_word' id='word_1_13' title='bbox 1458 262 1517 305; x_wconf 90' lang='lat' dir='ltr'>iv.</span> <span class='ocrx_word' id='word_1_14' title='bbox 1535 264 1582 319; x_wconf 79' lang='lat' dir='ltr'>&#39;.&#39;p</span> <span class='ocrx_word' id='word_1_15' title='bbox 1600 263 1671 307; x_wconf 89' lang='lat'>55.</span> 
     </span>
     <span class='ocr_line' id='line_1_3' title="bbox 154 317 1671 374; baseline 0.003 -15.04"><span class='ocrx_word' id='word_1_16' title='bbox 154 317 223 359; x_wconf 66' lang='grc' dir='ltr'>Ἐν</span> <span class='ocrx_word' id='word_1_17' title='bbox 245 323 323 360; x_wconf 72' lang='grc' dir='ltr'>Τοῖς</span> <span class='ocrx_word' id='word_1_18' title='bbox 344 319 592 374; x_wconf 64' lang='grc' dir='ltr'>δικαστᾞρίοις</span> <span class='ocrx_word' id='word_1_19' title='bbox 617 351 626 360; x_wconf 89' lang='grc'><em>.</em></span> <span class='ocrx_word' id='word_1_20' title='bbox 652 351 661 359; x_wconf 86' lang='grc'><strong>.</strong></span> <span class='ocrx_word' id='word_1_21' title='bbox 687 351 696 360; x_wconf 91' lang='grc'><strong><em>.</em></strong></span> <span class='ocrx_word' id='word_1_22' title='bbox 719 321 751 360; x_wconf 71' lang='grc' dir='ltr'>Οἳ</span> <span class='ocrx_word' id='word_1_23' title='bbox 773 336 885 373; x_wconf 67' lang='grc' dir='ltr'>ΕΤΕΡΟΙ</span> <span class='ocrx_word' id='word_1_24' title='bbox 907 317 994 359; x_wconf 74' lang='grc' dir='ltr'>Τοὺς</span> <span class='ocrx_word' id='word_1_25' title='bbox 1014 321 1160 372; x_wconf 61' lang='lat' dir='ltr'>§Tepovs</span> <span class='ocrx_word' id='word_1_26' title='bbox 1176 318 1337 361; x_wconf 70' lang='grc' dir='ltr'>δΟκΟυσΙν</span> <span class='ocrx_word' id='word_1_27' title='bbox 1357 321 1550 374; x_wconf 70' lang='grc' dir='ltr'>ἐλΕὙχΕΙν,</span> <span class='ocrx_word' id='word_1_28' title='bbox 1573 323 1671 363; x_wconf 63' lang='lat' dir='ltr'>{vtet-</span> 
     </span>
     <span class='ocr_line' id='line_1_4' title="bbox 155 374 1672 431; baseline 0.003 -16"><span class='ocrx_word' id='word_1_29' title='bbox 155 374 222 417; x_wconf 69' lang='grc' dir='ltr'>δᾶν</span> <span class='ocrx_word' id='word_1_30' title='bbox 244 382 319 418; x_wconf 78' lang='grc' dir='ltr'>τῶν</span> <span class='ocrx_word' id='word_1_31' title='bbox 338 378 524 426; x_wconf 45' lang='lat' dir='ltr'>homan*</span> <span class='ocrx_word' id='word_1_32' title='bbox 499 396 546 418; x_wconf 86' lang='grc' dir='ltr'>ων</span> <span class='ocrx_word' id='word_1_33' title='bbox 568 396 610 417; x_wconf 82' lang='grc' dir='ltr'>αν</span> <span class='ocrx_word' id='word_1_34' title='bbox 626 379 764 426; x_wconf 81' lang='grc' dir='ltr'><em>λέγωσι</em></span> <span class='ocrx_word' id='word_1_35' title='bbox 783 378 981 431; x_wconf 72' lang='grc' dir='ltr'>μάρτυρας</span> <span class='ocrx_word' id='word_1_36' title='bbox 994 374 1166 417; x_wconf 68' lang='grc' dir='ltr'>πολλοὺς</span> <span class='ocrx_word' id='word_1_37' title='bbox 1180 379 1428 430; x_wconf 79' lang='grc' dir='ltr'>παρέχωνται</span> <span class='ocrx_word' id='word_1_38' title='bbox 1445 378 1509 419; x_wconf 77' lang='grc' dir='ltr'>καὶ</span> <span class='ocrx_word' id='word_1_39' title='bbox 1530 378 1672 420; x_wconf 77' lang='grc' dir='ltr'>εὐδοκί-</span> 
     </span>
     <span class='ocr_line' id='line_1_5' title="bbox 154 433 1672 488; baseline 0.003 -14"><span class='ocrx_word' id='word_1_40' title='bbox 154 450 266 482; x_wconf 85' lang='grc' dir='ltr'><strong><em>μους,</em></strong></span> <span class='ocrx_word' id='word_1_41' title='bbox 299 436 317 475; x_wconf 85' lang='grc' dir='ltr'><em>ὃ</em></span> <span class='ocrx_word' id='word_1_42' title='bbox 345 433 383 476; x_wconf 77' lang='grc' dir='ltr'>δὲ</span> <span class='ocrx_word' id='word_1_43' title='bbox 405 436 588 475; x_wconf 68' lang='grc' dir='ltr'>τάναντία</span> <span class='ocrx_word' id='word_1_44' title='bbox 613 437 734 483; x_wconf 70' lang='grc' dir='ltr'>λέγων</span> <span class='ocrx_word' id='word_1_45' title='bbox 767 434 828 475; x_wconf 79' lang='grc' dir='ltr'>ἕνα</span> <span class='ocrx_word' id='word_1_46' title='bbox 849 433 932 474; x_wconf 66' lang='grc' dir='ltr'>τινὰ</span> <span class='ocrx_word' id='word_1_47' title='bbox 963 435 1192 488; x_wconf 69' lang='grc' dir='ltr'>παρέχηται</span> <span class='ocrx_word' id='word_1_48' title='bbox 1222 453 1246 479; x_wconf 84' lang='grc' dir='ltr'>·η</span> <span class='ocrx_word' id='word_1_49' title='bbox 1266 434 1426 483; x_wconf 73' lang='grc' dir='ltr'>μηδένα.</span> <span class='ocrx_word' id='word_1_50' title='bbox 1469 434 1603 478; x_wconf 75' lang='grc' dir='ltr'>Οὗτος</span> <span class='ocrx_word' id='word_1_51' title='bbox 1632 437 1672 479; x_wconf 77' lang='grc' dir='ltr'>δὲ</span> 
     </span>
     <span class='ocr_line' id='line_1_6' title="bbox 153 488 1717 550; baseline 0.002 -18"><span class='ocrx_word' id='word_1_52' title='bbox 153 493 177 531; x_wconf 78' lang='grc' dir='ltr'><strong>ὅ</strong></span> <span class='ocrx_word' id='word_1_53' title='bbox 191 492 360 544; x_wconf 67' lang='grc' dir='ltr'>ἔλεγχος</span> <span class='ocrx_word' id='word_1_54' title='bbox 379 491 519 533; x_wconf 74' lang='grc' dir='ltr'>οὐδενος</span> <span class='ocrx_word' id='word_1_55' title='bbox 539 490 669 541; x_wconf 79' lang='grc' dir='ltr'><strong><em>ἄξιός</em></strong></span> <span class='ocrx_word' id='word_1_56' title='bbox 660 508 738 532; x_wconf 86' lang='grc' dir='ltr'>εστι</span> <span class='ocrx_word' id='word_1_57' title='bbox 754 491 849 546; x_wconf 68' lang='grc' dir='ltr'>πρὸς</span> <span class='ocrx_word' id='word_1_58' title='bbox 864 491 935 532; x_wconf 64' lang='grc' dir='ltr'>τὴν</span> <span class='ocrx_word' id='word_1_59' title='bbox 955 488 1152 534; x_wconf 59' lang='grc' dir='ltr'>ἀλήθειαν.</span> <span class='ocrx_word' id='word_1_60' title='bbox 1185 489 1390 534; x_wconf 78' lang='lat' dir='ltr'><strong>Occurrit</strong></span> <span class='ocrx_word' id='word_1_61' title='bbox 1407 497 1453 535; x_wconf 76' lang='lat' dir='ltr'>et</span> <span class='ocrx_word' id='word_1_62' title='bbox 1468 491 1669 550; x_wconf 84' lang='lat' dir='ltr'>Xenoph.</span> <span class='ocrx_word' id='word_1_63' title='bbox 1706 495 1717 509; x_wconf 77' lang='lat'><em>&#39;</em></span> 
     </span>
     <span class='ocr_line' id='line_1_7' title="bbox 155 546 1668 602; baseline 0.003 -13"><span class='ocrx_word' id='word_1_64' title='bbox 155 547 257 601; x_wconf 86' lang='lat' dir='ltr'><strong>Gyri</strong></span> <span class='ocrx_word' id='word_1_65' title='bbox 279 549 401 591; x_wconf 89' lang='lat' dir='ltr'>Disc.</span> <span class='ocrx_word' id='word_1_66' title='bbox 426 550 500 590; x_wconf 89' lang='lat' dir='ltr'>vii.</span> <span class='ocrx_word' id='word_1_67' title='bbox 521 548 564 597; x_wconf 91' lang='lat'><em>5,</em></span> <span class='ocrx_word' id='word_1_68' title='bbox 586 548 657 590; x_wconf 82' lang='lat'>45.</span> <span class='ocrx_word' id='word_1_69' title='bbox 681 552 725 590; x_wconf 89' lang='lat' dir='ltr'>et</span> <span class='ocrx_word' id='word_1_70' title='bbox 745 562 800 602; x_wconf 87' lang='lat' dir='ltr'>ap</span> <span class='ocrx_word' id='word_1_71' title='bbox 803 549 862 589; x_wconf 91' lang='lat' dir='ltr'>ud</span> <span class='ocrx_word' id='word_1_72' title='bbox 881 546 1104 594; x_wconf 87' lang='lat' dir='ltr'>AElianum</span> <span class='ocrx_word' id='word_1_73' title='bbox 1126 547 1240 591; x_wconf 88' lang='lat' dir='ltr'>Hist.</span> <span class='ocrx_word' id='word_1_74' title='bbox 1264 549 1397 591; x_wconf 84' lang='lat' dir='ltr'>Anirn</span> <span class='ocrx_word' id='word_1_75' title='bbox 1415 564 1454 592; x_wconf 89' lang='lat' dir='ltr'>v.</span> <span class='ocrx_word' id='word_1_76' title='bbox 1472 550 1514 592; x_wconf 89' lang='lat'><em>5.</em></span> <span class='ocrx_word' id='word_1_77' title='bbox 1534 552 1612 593; x_wconf 89' lang='lat' dir='ltr'>vii.</span> <span class='ocrx_word' id='word_1_78' title='bbox 1628 551 1668 594; x_wconf 88' lang='lat'>8.</span> 
     </span>
     <span class='ocr_line' id='line_1_8' title="bbox 155 562 1669 664; baseline 0.003 -16"><span class='ocrx_word' id='word_1_79' title='bbox 155 607 340 660; x_wconf 87' lang='lat' dir='ltr'>aliisque</span> <span class='ocrx_word' id='word_1_80' title='bbox 375 607 501 655; x_wconf 90' lang='lat' dir='ltr'>locis,</span> <span class='ocrx_word' id='word_1_81' title='bbox 535 607 581 648; x_wconf 91' lang='lat' dir='ltr'>in</span> <span class='ocrx_word' id='word_1_82' title='bbox 617 562 800 660; x_wconf 89' lang='lat' dir='ltr'>quibusp</span> <span class='ocrx_word' id='word_1_83' title='bbox 812 611 856 646; x_wconf 92' lang='lat' dir='ltr'>et</span> <span class='ocrx_word' id='word_1_84' title='bbox 878 607 936 647; x_wconf 93' lang='lat' dir='ltr'>vi.</span> <span class='ocrx_word' id='word_1_85' title='bbox 959 605 1026 647; x_wconf 84' lang='lat'>58.</span> <span class='ocrx_word' id='word_1_86' title='bbox 1087 604 1152 647; x_wconf 91' lang='lat' dir='ltr'>Ibi</span> <span class='ocrx_word' id='word_1_87' title='bbox 1187 607 1240 648; x_wconf 92' lang='lat' dir='ltr'>de</span> <span class='ocrx_word' id='word_1_88' title='bbox 1267 608 1411 661; x_wconf 86' lang='lat' dir='ltr'>spatio</span> <span class='ocrx_word' id='word_1_89' title='bbox 1442 611 1669 664; x_wconf 88' lang='lat' dir='ltr'>temporis,</span> 
     </span>
     <span class='ocr_line' id='line_1_9' title="bbox 153 664 1666 719; baseline 0.003 -14"><span class='ocrx_word' id='word_1_90' title='bbox 153 665 268 716; x_wconf 90' lang='lat' dir='ltr'>quod</span> <span class='ocrx_word' id='word_1_91' title='bbox 289 664 512 719; x_wconf 86' lang='lat' dir='ltr'>phoenices</span> <span class='ocrx_word' id='word_1_92' title='bbox 534 677 637 706; x_wconf 88' lang='lat' dir='ltr'>aves</span> <span class='ocrx_word' id='word_1_93' title='bbox 666 665 875 705; x_wconf 87' lang='lat' dir='ltr'>instinctu</span> <span class='ocrx_word' id='word_1_94' title='bbox 909 668 1079 705; x_wconf 86' lang='lat' dir='ltr'>naturae</span> <span class='ocrx_word' id='word_1_95' title='bbox 1108 676 1235 706; x_wconf 88' lang='lat' dir='ltr'>nosse</span> <span class='ocrx_word' id='word_1_96' title='bbox 1269 665 1542 718; x_wconf 85' lang='lat' dir='ltr'>ferebantur,</span> <span class='ocrx_word' id='word_1_97' title='bbox 1575 668 1666 709; x_wconf 84' lang='lat' dir='ltr'>sic:</span> 
     </span>
     <span class='ocr_line' id='line_1_10' title="bbox 152 719 1668 776; baseline 0.002 -14"><span class='ocrx_word' id='word_1_98' title='bbox 152 719 230 762; x_wconf 79' lang='grc' dir='ltr'>Τὸν</span> <span class='ocrx_word' id='word_1_99' title='bbox 251 722 289 763; x_wconf 80' lang='grc' dir='ltr'>δὲ</span> <span class='ocrx_word' id='word_1_100' title='bbox 309 726 383 763; x_wconf 73' lang='grc' dir='ltr'>τῶν</span> <span class='ocrx_word' id='word_1_101' title='bbox 402 723 658 763; x_wconf 70' lang='grc' dir='ltr'>πεντακοσίων</span> <span class='ocrx_word' id='word_1_102' title='bbox 680 724 771 762; x_wconf 74' lang='grc' dir='ltr'>ἐτῶν</span> <span class='ocrx_word' id='word_1_103' title='bbox 791 719 924 776; x_wconf 66' lang='grc' dir='ltr'>χρόνον</span> <span class='ocrx_word' id='word_1_104' title='bbox 953 723 1214 775; x_wconf 66' lang='grc' dir='ltr'>πληρούμενον</span> <span class='ocrx_word' id='word_1_105' title='bbox 1251 721 1365 764; x_wconf 74' lang='grc' dir='ltr'>ἴσασιν</span> <span class='ocrx_word' id='word_1_106' title='bbox 1397 723 1626 772; x_wconf 67' lang='grc' dir='ltr'>Αἰγυπτίων</span> <span class='ocrx_word' id='word_1_107' title='bbox 1643 724 1668 770; x_wconf 71' lang='grc' dir='ltr'>ἧ</span> 
     </span>
     <span class='ocr_line' id='line_1_11' title="bbox 152 778 1669 834; baseline 0.004 -15"><span class='ocrx_word' id='word_1_108' title='bbox 152 796 210 820; x_wconf 79' lang='grc' dir='ltr'>τις</span> <span class='ocrx_word' id='word_1_109' title='bbox 229 779 253 824; x_wconf 68' lang='grc' dir='ltr'>ἢ</span> <span class='ocrx_word' id='word_1_110' title='bbox 276 779 406 821; x_wconf 79' lang='grc' dir='ltr'>οὐδείς·</span> <span class='ocrx_word' id='word_1_111' title='bbox 441 781 560 828; x_wconf 72' lang='grc' dir='ltr'>ὀλίγοι</span> <span class='ocrx_word' id='word_1_112' title='bbox 592 779 630 820; x_wconf 76' lang='grc' dir='ltr'>δὲ</span> <span class='ocrx_word' id='word_1_113' title='bbox 652 779 803 827; x_wconf 72' lang='grc' dir='ltr'>κομιδῆ,</span> <span class='ocrx_word' id='word_1_114' title='bbox 826 778 889 818; x_wconf 79' lang='grc' dir='ltr'>καὶ</span> <span class='ocrx_word' id='word_1_115' title='bbox 911 778 1009 819; x_wconf 77' lang='grc' dir='ltr'>οὗτοι</span> <span class='ocrx_word' id='word_1_116' title='bbox 1031 783 1105 819; x_wconf 76' lang='grc' dir='ltr'>τῶν</span> <span class='ocrx_word' id='word_1_117' title='bbox 1139 781 1270 834; x_wconf 79' lang='grc' dir='ltr'>ἵεοέων.</span> <span class='ocrx_word' id='word_1_118' title='bbox 1331 778 1417 822; x_wconf 82' lang='lat' dir='ltr'>Hic</span> <span class='ocrx_word' id='word_1_119' title='bbox 1437 783 1571 824; x_wconf 83' lang='lat' dir='ltr'>verba</span> <span class='ocrx_word' id='word_1_120' title='bbox 1593 783 1669 825; x_wconf 83' lang='lat' dir='ltr'>illa</span> 
     </span>
     <span class='ocr_line' id='line_1_12' title="bbox 150 835 1667 891; baseline 0.003 -14"><span class='ocrx_word' id='word_1_121' title='bbox 150 838 430 891; x_wconf 83' lang='lat' dir='ltr'>explicantur</span> <span class='ocrx_word' id='word_1_122' title='bbox 449 837 505 878; x_wconf 86' lang='lat' dir='ltr'>ab</span> <span class='ocrx_word' id='word_1_123' title='bbox 528 842 704 878; x_wconf 80' lang='lat' dir='ltr'>auctore</span> <span class='ocrx_word' id='word_1_124' title='bbox 726 838 823 890; x_wconf 88' lang='lat' dir='ltr'>ipso</span> <span class='ocrx_word' id='word_1_125' title='bbox 842 835 1024 889; x_wconf 83' lang='lat' dir='ltr'>adjectis</span> <span class='ocrx_word' id='word_1_126' title='bbox 1039 836 1135 876; x_wconf 87' lang='lat' dir='ltr'>his.</span> <span class='ocrx_word' id='word_1_127' title='bbox 1169 837 1288 884; x_wconf 70' lang='grc' dir='ltr'>ὀλίγοι</span> <span class='ocrx_word' id='word_1_128' title='bbox 1305 835 1343 878; x_wconf 78' lang='grc' dir='ltr'>δὲ</span> <span class='ocrx_word' id='word_1_129' title='bbox 1360 838 1508 885; x_wconf 68' lang='grc' dir='ltr'>κομιδῆ.</span> <span class='ocrx_word' id='word_1_130' title='bbox 1559 841 1667 883; x_wconf 85' lang='lat' dir='ltr'>Haec</span> 
     </span>
     <span class='ocr_line' id='line_1_13' title="bbox 148 894 1666 951; baseline 0.002 -15"><span class='ocrx_word' id='word_1_131' title='bbox 148 895 262 936; x_wconf 87' lang='lat' dir='ltr'>ratio</span> <span class='ocrx_word' id='word_1_132' title='bbox 277 895 513 949; x_wconf 81' lang='lat' dir='ltr'>paucitatis</span> <span class='ocrx_word' id='word_1_133' title='bbox 530 894 825 946; x_wconf 64' lang='lat' dir='ltr'>significandae</span> <span class='ocrx_word' id='word_1_134' title='bbox 842 894 949 934; x_wconf 84' lang='lat' dir='ltr'>satis</span> <span class='ocrx_word' id='word_1_135' title='bbox 965 894 1108 935; x_wconf 82' lang='lat' dir='ltr'>faceta</span> <span class='ocrx_word' id='word_1_136' title='bbox 1126 894 1261 935; x_wconf 86' lang='lat' dir='ltr'>videri</span> <span class='ocrx_word' id='word_1_137' title='bbox 1281 894 1409 936; x_wconf 90' lang='lat' dir='ltr'>debet</span> <span class='ocrx_word' id='word_1_138' title='bbox 1424 897 1528 948; x_wconf 82' lang='lat' dir='ltr'>illis,</span> <span class='ocrx_word' id='word_1_139' title='bbox 1547 899 1666 951; x_wconf 84' lang='lat' dir='ltr'>apud</span> 
     </span>
     <span class='ocr_line' id='line_1_14' title="bbox 148 949 1668 1007; baseline 0.003 -14"><span class='ocrx_word' id='word_1_140' title='bbox 148 966 260 1007; x_wconf 86' lang='lat' dir='ltr'>quos</span> <span class='ocrx_word' id='word_1_141' title='bbox 294 965 380 994; x_wconf 89' lang='lat' dir='ltr'>non</span> <span class='ocrx_word' id='word_1_142' title='bbox 412 956 479 993; x_wconf 88' lang='lat' dir='ltr'>est</span> <span class='ocrx_word' id='word_1_143' title='bbox 513 965 595 991; x_wconf 87' lang='lat' dir='ltr'>usu</span> <span class='ocrx_word' id='word_1_144' title='bbox 633 952 764 992; x_wconf 88' lang='lat' dir='ltr'>nimis</span> <span class='ocrx_word' id='word_1_145' title='bbox 790 952 909 992; x_wconf 87' lang='lat' dir='ltr'>t1ita.</span> <span class='ocrx_word' id='word_1_146' title='bbox 969 949 1134 991; x_wconf 88' lang='lat' dir='ltr'>Eodem</span> <span class='ocrx_word' id='word_1_147' title='bbox 1165 964 1290 993; x_wconf 84' lang='lat' dir='ltr'>sensu</span> <span class='ocrx_word' id='word_1_148' title='bbox 1313 953 1431 1006; x_wconf 85' lang='lat' dir='ltr'>apud</span> <span class='ocrx_word' id='word_1_149' title='bbox 1451 958 1668 998; x_wconf 82' lang='lat' dir='ltr'><strong>nostrates</strong></span> 
     </span>
     <span class='ocr_line' id='line_1_15' title="bbox 147 1007 1331 1064; baseline 0 -14"><span class='ocrx_word' id='word_1_150' title='bbox 147 1011 315 1051; x_wconf 88' lang='lat' dir='ltr'>dictum</span> <span class='ocrx_word' id='word_1_151' title='bbox 336 1022 478 1064; x_wconf 81' lang='lat' dir='ltr'>wemg</span> <span class='ocrx_word' id='word_1_152' title='bbox 497 1007 597 1051; x_wconf 79' lang='lat' dir='ltr'>oder</span> <span class='ocrx_word' id='word_1_153' title='bbox 613 1007 779 1050; x_wconf 60' lang='lat' dir='ltr'>nielles</span> <span class='ocrx_word' id='word_1_154' title='bbox 763 1022 855 1061; x_wconf 78' lang='lat' dir='ltr'>Jam</span> <span class='ocrx_word' id='word_1_155' title='bbox 877 1009 1032 1061; x_wconf 82' lang='lat' dir='ltr'>gratiae</span> <span class='ocrx_word' id='word_1_156' title='bbox 1053 1009 1162 1049; x_wconf 90' lang='lat' dir='ltr'>nihil</span> <span class='ocrx_word' id='word_1_157' title='bbox 1185 1009 1331 1050; x_wconf 89' lang='lat' dir='ltr'>habet.</span> 
     </span>
    </p>

    <p class='ocr_par' dir='ltr' id='par_1_3' title="bbox 141 1051 1665 1696">
     <span class='ocr_line' id='line_1_16' title="bbox 206 1051 1664 1123; baseline 0.001 -14"><span class='ocrx_word' id='word_1_158' title='bbox 206 1067 292 1108; x_wconf 85' lang='lat' dir='ltr'>Sed</span> <span class='ocrx_word' id='word_1_159' title='bbox 314 1068 370 1109; x_wconf 90' lang='lat' dir='ltr'>ab</span> <span class='ocrx_word' id='word_1_160' title='bbox 390 1067 520 1108; x_wconf 88' lang='lat' dir='ltr'>initio</span> <span class='ocrx_word' id='word_1_161' title='bbox 538 1067 650 1114; x_wconf 87' lang='lat' dir='ltr'>dixi,</span> <span class='ocrx_word' id='word_1_162' title='bbox 684 1079 752 1106; x_wconf 91' lang='lat' dir='ltr'>me</span> <span class='ocrx_word' id='word_1_163' title='bbox 770 1067 881 1107; x_wconf 89' lang='lat' dir='ltr'>hanc</span> <span class='ocrx_word' id='word_1_164' title='bbox 901 1066 1104 1118; x_wconf 89' lang='lat' dir='ltr'>loquendi</span> <span class='ocrx_word' id='word_1_165' title='bbox 1127 1067 1340 1108; x_wconf 83' lang='lat' dir='ltr'>rationem</span> <span class='ocrx_word' id='word_1_166' title='bbox 1361 1080 1523 1123; x_wconf 83' lang='lat' dir='ltr'>proper</span> <span class='ocrx_word' id='word_1_167' title='bbox 1542 1051 1664 1112; x_wconf 83' lang='lat' dir='ltr'>simi-</span> 
     </span>
     <span class='ocr_line' id='line_1_17' title="bbox 143 1124 1664 1169; baseline 0.002 -3"><span class='ocrx_word' id='word_1_168' title='bbox 143 1126 379 1166; x_wconf 90' lang='lat' dir='ltr'>litudinem</span> <span class='ocrx_word' id='word_1_169' title='bbox 410 1138 510 1166; x_wconf 86' lang='lat' dir='ltr'>cum</span> <span class='ocrx_word' id='word_1_170' title='bbox 530 1124 887 1165; x_wconf 80' lang='lat' dir='ltr'>antecedentibus</span> <span class='ocrx_word' id='word_1_171' title='bbox 922 1125 1091 1165; x_wconf 58' lang='lat' dir='ltr'>afferre</span> <span class='ocrx_word' id='word_1_172' title='bbox 1152 1124 1251 1165; x_wconf 90' lang='lat' dir='ltr'>Non</span> <span class='ocrx_word' id='word_1_173' title='bbox 1277 1126 1396 1166; x_wconf 89' lang='lat' dir='ltr'>enim</span> <span class='ocrx_word' id='word_1_174' title='bbox 1426 1127 1664 1169; x_wconf 84' lang='lat' dir='ltr'>multitudo</span> 
     </span>
     <span class='ocr_line' id='line_1_18' title="bbox 144 1181 1665 1236; baseline 0.002 -12"><span class='ocrx_word' id='word_1_175' title='bbox 144 1184 380 1225; x_wconf 87' lang='lat' dir='ltr'>verborum</span> <span class='ocrx_word' id='word_1_176' title='bbox 401 1183 455 1224; x_wconf 85' lang='lat' dir='ltr'>ad</span> <span class='ocrx_word' id='word_1_177' title='bbox 473 1183 718 1236; x_wconf 87' lang='lat' dir='ltr'>simplicem</span> <span class='ocrx_word' id='word_1_178' title='bbox 739 1182 964 1223; x_wconf 83' lang='lat' dir='ltr'>notionem</span> <span class='ocrx_word' id='word_1_179' title='bbox 984 1186 1062 1223; x_wconf 88' lang='lat' dir='ltr'>aut</span> <span class='ocrx_word' id='word_1_180' title='bbox 1081 1181 1136 1223; x_wconf 85' lang='lat' dir='ltr'>ad</span> <span class='ocrx_word' id='word_1_181' title='bbox 1157 1186 1329 1236; x_wconf 83' lang='lat' dir='ltr'>partem</span> <span class='ocrx_word' id='word_1_182' title='bbox 1349 1183 1547 1236; x_wconf 82' lang='lat' dir='ltr'>aliquam</span> <span class='ocrx_word' id='word_1_183' title='bbox 1567 1198 1665 1227; x_wconf 83' lang='lat' dir='ltr'>sen-</span> 
     </span>
     <span class='ocr_line' id='line_1_19' title="bbox 141 1239 1663 1296; baseline 0.003 -16"><span class='ocrx_word' id='word_1_184' title='bbox 141 1242 292 1282; x_wconf 86' lang='lat' dir='ltr'>tentiae</span> <span class='ocrx_word' id='word_1_185' title='bbox 313 1240 645 1295; x_wconf 84' lang='lat' dir='ltr'>exprimendam</span> <span class='ocrx_word' id='word_1_186' title='bbox 666 1244 880 1294; x_wconf 83' lang='lat' dir='ltr'>usurpata</span> <span class='ocrx_word' id='word_1_187' title='bbox 900 1239 991 1280; x_wconf 91' lang='lat' dir='ltr'>vim</span> <span class='ocrx_word' id='word_1_188' title='bbox 1012 1241 1256 1294; x_wconf 87' lang='lat' dir='ltr'>pleonasmi</span> <span class='ocrx_word' id='word_1_189' title='bbox 1281 1240 1440 1282; x_wconf 87' lang='lat' dir='ltr'>habet:</span> <span class='ocrx_word' id='word_1_190' title='bbox 1464 1242 1663 1296; x_wconf 86' lang='lat' dir='ltr'>alioquin</span> 
     </span>
     <span class='ocr_line' id='line_1_20' title="bbox 141 1296 1661 1366; baseline 0.001 -27"><span class='ocrx_word' id='word_1_191' title='bbox 141 1301 188 1339; x_wconf 81' lang='lat' dir='ltr'>et</span> <span class='ocrx_word' id='word_1_192' title='bbox 207 1300 295 1340; x_wconf 88' lang='lat' dir='ltr'>alia</span> <span class='ocrx_word' id='word_1_193' title='bbox 314 1298 694 1340; x_wconf 87' lang='lat' dir='ltr'>commemoranda</span> <span class='ocrx_word' id='word_1_194' title='bbox 714 1300 947 1349; x_wconf 84' lang='lat' dir='ltr'>restarent,</span> <span class='ocrx_word' id='word_1_195' title='bbox 975 1301 1024 1338; x_wconf 87' lang='lat' dir='ltr'>ut</span> <span class='ocrx_word' id='word_1_196' title='bbox 1044 1296 1146 1351; x_wconf 60' lang='grc' dir='ltr'>χθὲς</span> <span class='ocrx_word' id='word_1_197' title='bbox 1175 1297 1239 1338; x_wconf 78' lang='grc' dir='ltr'>καὶ</span> <span class='ocrx_word' id='word_1_198' title='bbox 1269 1299 1396 1353; x_wconf 70' lang='grc' dir='ltr'>πρώην</span> <span class='ocrx_word' id='word_1_199' title='bbox 1416 1312 1497 1366; x_wconf 83' lang='lat' dir='ltr'>pro</span> <span class='ocrx_word' id='word_1_200' title='bbox 1515 1301 1661 1342; x_wconf 77' lang='grc' dir='ltr'>νεωστί.</span> 
     </span>
     <span class='ocr_line' id='line_1_21' title="bbox 142 1355 1659 1412; baseline 0.003 -16"><span class='ocrx_word' id='word_1_201' title='bbox 142 1355 276 1398; x_wconf 86' lang='lat' dir='ltr'>Salvo</span> <span class='ocrx_word' id='word_1_202' title='bbox 295 1369 426 1397; x_wconf 85' lang='lat' dir='ltr'>sensu</span> <span class='ocrx_word' id='word_1_203' title='bbox 458 1359 503 1396; x_wconf 89' lang='lat' dir='ltr'>et</span> <span class='ocrx_word' id='word_1_204' title='bbox 532 1356 625 1396; x_wconf 87' lang='lat' dir='ltr'>fere</span> <span class='ocrx_word' id='word_1_205' title='bbox 648 1357 769 1397; x_wconf 84' lang='lat' dir='ltr'>salva</span> <span class='ocrx_word' id='word_1_206' title='bbox 794 1355 1025 1396; x_wconf 84' lang='lat' dir='ltr'>verborum</span> <span class='ocrx_word' id='word_1_207' title='bbox 1046 1355 1371 1397; x_wconf 85' lang='lat' dir='ltr'>constructione</span> <span class='ocrx_word' id='word_1_208' title='bbox 1396 1357 1531 1399; x_wconf 87' lang='lat' dir='ltr'>eximi</span> <span class='ocrx_word' id='word_1_209' title='bbox 1560 1366 1659 1412; x_wconf 82' lang='lat' dir='ltr'>pos-</span> 
     </span>
     <span class='ocr_line' id='line_1_22' title="bbox 143 1411 1661 1469; baseline 0.002 -15"><span class='ocrx_word' id='word_1_210' title='bbox 143 1418 261 1461; x_wconf 86' lang='lat' dir='ltr'>sunt,</span> <span class='ocrx_word' id='word_1_211' title='bbox 280 1427 378 1467; x_wconf 85' lang='lat' dir='ltr'>quae</span> <span class='ocrx_word' id='word_1_212' title='bbox 399 1426 498 1454; x_wconf 87' lang='lat' dir='ltr'>vere</span> <span class='ocrx_word' id='word_1_213' title='bbox 518 1413 760 1453; x_wconf 86' lang='lat' dir='ltr'>abundant.</span> <span class='ocrx_word' id='word_1_214' title='bbox 823 1411 993 1453; x_wconf 88' lang='lat' dir='ltr'>Horum</span> <span class='ocrx_word' id='word_1_215' title='bbox 1023 1412 1057 1453; x_wconf 93' lang='lat' dir='ltr'>si</span> <span class='ocrx_word' id='word_1_216' title='bbox 1085 1425 1189 1464; x_wconf 83' lang='lat' dir='ltr'>qua,</span> <span class='ocrx_word' id='word_1_217' title='bbox 1222 1416 1377 1466; x_wconf 87' lang='lat' dir='ltr'>praeter</span> <span class='ocrx_word' id='word_1_218' title='bbox 1397 1419 1500 1455; x_wconf 84' lang='lat' dir='ltr'>ante</span> <span class='ocrx_word' id='word_1_219' title='bbox 1519 1415 1661 1469; x_wconf 85' lang='lat' dir='ltr'>expli-</span> 
     </span>
     <span class='ocr_line' id='line_1_23' title="bbox 141 1469 1658 1524; baseline 0.002 -12"><span class='ocrx_word' id='word_1_220' title='bbox 141 1475 256 1522; x_wconf 81' lang='lat' dir='ltr'>cata,</span> <span class='ocrx_word' id='word_1_221' title='bbox 277 1471 572 1524; x_wconf 86' lang='lat' dir='ltr'>reperiuntur,</span> <span class='ocrx_word' id='word_1_222' title='bbox 598 1470 652 1510; x_wconf 86' lang='lat' dir='ltr'>ad</span> <span class='ocrx_word' id='word_1_223' title='bbox 673 1470 844 1522; x_wconf 84' lang='lat' dir='ltr'>singula</span> <span class='ocrx_word' id='word_1_224' title='bbox 864 1473 1038 1510; x_wconf 79' lang='lat' dir='ltr'>tantum</span> <span class='ocrx_word' id='word_1_225' title='bbox 1059 1469 1154 1510; x_wconf 85' lang='lat' dir='ltr'>loca</span> <span class='ocrx_word' id='word_1_226' title='bbox 1174 1469 1392 1523; x_wconf 90' lang='lat' dir='ltr'>pertinere</span> <span class='ocrx_word' id='word_1_227' title='bbox 1412 1475 1536 1524; x_wconf 90' lang='lat' dir='ltr'>puto,</span> <span class='ocrx_word' id='word_1_228' title='bbox 1572 1485 1658 1514; x_wconf 90' lang='lat' dir='ltr'>non</span> 
     </span>
     <span class='ocr_line' id='line_1_24' title="bbox 142 1527 1660 1581; baseline 0.001 -12"><span class='ocrx_word' id='word_1_229' title='bbox 142 1534 292 1570; x_wconf 84' lang='lat' dir='ltr'>autem</span> <span class='ocrx_word' id='word_1_230' title='bbox 313 1529 376 1570; x_wconf 85' lang='lat' dir='ltr'>ita</span> <span class='ocrx_word' id='word_1_231' title='bbox 397 1529 443 1568; x_wconf 90' lang='lat' dir='ltr'>in</span> <span class='ocrx_word' id='word_1_232' title='bbox 462 1540 590 1568; x_wconf 84' lang='lat' dir='ltr'>usum</span> <span class='ocrx_word' id='word_1_233' title='bbox 612 1527 819 1580; x_wconf 91' lang='lat' dir='ltr'>loquendi</span> <span class='ocrx_word' id='word_1_234' title='bbox 842 1527 1104 1574; x_wconf 87' lang='lat' dir='ltr'>introducta,</span> <span class='ocrx_word' id='word_1_235' title='bbox 1118 1531 1167 1568; x_wconf 89' lang='lat' dir='ltr'>ut</span> <span class='ocrx_word' id='word_1_236' title='bbox 1182 1540 1331 1567; x_wconf 91' lang='lat' dir='ltr'>eorum</span> <span class='ocrx_word' id='word_1_237' title='bbox 1351 1529 1589 1581; x_wconf 83' lang='lat' dir='ltr'>explicatio</span> <span class='ocrx_word' id='word_1_238' title='bbox 1603 1530 1660 1571; x_wconf 82' lang='lat' dir='ltr'>ad</span> 
     </span>
     <span class='ocr_line' id='line_1_25' title="bbox 143 1584 1658 1640; baseline 0.003 -14"><span class='ocrx_word' id='word_1_239' title='bbox 143 1585 402 1627; x_wconf 83' lang='lat' dir='ltr'>illustranda</span> <span class='ocrx_word' id='word_1_240' title='bbox 420 1585 549 1639; x_wconf 86' lang='lat' dir='ltr'>plura</span> <span class='ocrx_word' id='word_1_241' title='bbox 576 1586 840 1639; x_wconf 88' lang='lat' dir='ltr'>scriptorum</span> <span class='ocrx_word' id='word_1_242' title='bbox 862 1585 957 1626; x_wconf 83' lang='lat' dir='ltr'>loca</span> <span class='ocrx_word' id='word_1_243' title='bbox 977 1585 1165 1625; x_wconf 86' lang='lat' dir='ltr'>conferri</span> <span class='ocrx_word' id='word_1_244' title='bbox 1188 1585 1344 1638; x_wconf 88' lang='lat' dir='ltr'>possit.</span> <span class='ocrx_word' id='word_1_245' title='bbox 1404 1584 1556 1627; x_wconf 86' lang='lat' dir='ltr'>Minus</span> <span class='ocrx_word' id='word_1_246' title='bbox 1577 1587 1658 1640; x_wconf 87' lang='lat' dir='ltr'>igi-</span> 
     </span>
     <span class='ocr_line' id='line_1_26' title="bbox 141 1642 1570 1696; baseline 0.001 -11"><span class='ocrx_word' id='word_1_247' title='bbox 141 1648 215 1686; x_wconf 84' lang='lat' dir='ltr'>tur</span> <span class='ocrx_word' id='word_1_248' title='bbox 234 1645 319 1685; x_wconf 88' lang='lat' dir='ltr'>erit</span> <span class='ocrx_word' id='word_1_249' title='bbox 337 1656 496 1692; x_wconf 85' lang='lat' dir='ltr'>causae,</span> <span class='ocrx_word' id='word_1_250' title='bbox 516 1656 592 1684; x_wconf 83' lang='lat' dir='ltr'>cur</span> <span class='ocrx_word' id='word_1_251' title='bbox 612 1644 797 1684; x_wconf 83' lang='lat' dir='ltr'>lectores¹</span> <span class='ocrx_word' id='word_1_252' title='bbox 815 1654 868 1683; x_wconf 85' lang='lat' dir='ltr'>ea</span> <span class='ocrx_word' id='word_1_253' title='bbox 886 1655 914 1683; x_wconf 84' lang='lat' dir='ltr'>a</span> <span class='ocrx_word' id='word_1_254' title='bbox 933 1642 1060 1683; x_wconf 86' lang='lat' dir='ltr'>nobis</span> <span class='ocrx_word' id='word_1_255' title='bbox 1079 1643 1306 1696; x_wconf 70' lang='lat' dir='ltr'>praeterita</span> <span class='ocrx_word' id='word_1_256' title='bbox 1324 1642 1570 1695; x_wconf 80' lang='lat' dir='ltr'>requirant.</span> 
     </span>
    </p>
   </div>
  </div>
 </body>
</html>
