1838 3164
156 95 186 137 4
760 96 1065 143 ISAGOGE.

155 213 252 255 haec
271 212 455 256 nimium
483 210 732 259 verborum,
766 212 937 255 videtur
968 215 1206 257 adhibere:
1239 220 1285 257 et
1315 220 1465 259 tamen
1501 220 1668 259 utram-

157 285 246 325 que
262 274 410 314 tuetur
428 285 532 314 usus
563 270 790 325 loquendi,
820 275 887 319 ut,
918 272 953 312 si
974 272 1038 314 illi
1060 274 1211 321 addas,
1230 275 1345 326 quod
1376 277 1585 317 omissum
1605 276 1668 317 vi-

158 331 305 378 detur,
340 343 428 371 non
461 330 604 382 magis
636 331 747 371 bene
782 328 980 370 Graeeam
1009 332 1255 373 orationem
1287 333 1443 382 facias,
1472 345 1605 386 quam
1635 332 1673 373 si

161 389 266 431 huic
280 388 509 435 detrahas,
547 387 791 449 quodcquis
823 387 976 439 abesse
1002 388 1160 431 debere
1196 391 1432 432 existimet.
1494 389 1673 432 Gravis-

161 448 279 488 sima
309 450 459 488 autem
495 446 586 487 haec
617 457 688 489 me
718 444 837 486 ratio
856 443 1025 494 morit,
1072 447 1187 500 quod
1216 448 1297 488 viri
1328 448 1566 490 doctissimi
1600 449 1676 488 ob-

160 517 288 547 scure
307 507 352 546 et
371 503 576 556 ambigue
599 503 654 543 de
682 502 937 556 pleonasmo
958 504 1197 558 loquentes,
1217 507 1437 547 tironibus
1471 519 1680 552 errorem,

161 562 219 604 de
237 575 325 615 quo
345 564 446 616 post
473 561 631 608 dicam,
653 560 884 612 objiciunt.
944 560 1061 603 Nam
1097 565 1276 604 sumunt
1304 565 1387 611 illi,
1420 564 1611 605 dilucide
1632 567 1677 604 et

160 624 362 662 accurate
381 619 435 660 de
454 632 505 661 eo
525 619 572 660 in
606 618 892 671 grammatica
923 618 1200 661 institutione
1231 622 1323 674 agi,
1354 622 1439 663 sibi
1462 625 1610 663 autem
1632 623 1677 662 in

160 678 435 731 singulorum
465 677 662 718 locorum
695 675 1056 729 interpretatione
1095 678 1206 719 nihil
1255 679 1375 720 aliud
1413 678 1679 720 monendum

163 748 278 784 esse,
308 736 394 776 nisi
425 735 507 776 hoc
537 734 604 774 vel
635 732 746 773 illud
776 734 957 774 verbum
988 735 1221 789 πλεονάζειν.
1292 735 1446 791 Itaque
1485 750 1585 778 cum
1631 738 1675 778 in

159 792 464 846 grammaticis
481 790 644 832 libellis
664 790 960 855 studiosorum
997 794 1095 834 usui
1127 793 1304 848 scriptis
1336 807 1457 853 aeque
1488 794 1681 837 breviter

162 855 208 893 et
237 852 422 893 obscure
455 852 631 902 agatur,
667 861 881 904 nemoque
912 848 1047 903 facil-e-
1075 851 1222 892 doctor
1253 851 1297 891 in
1330 851 1602 906 explicandis
1633 852 1679 892 fi-

159 910 287 962 guris
326 906 577 961 syntacticis
594 909 737 947 totam
758 914 851 948 rem
885 909 992 949 satis
1023 910 1198 962 copiose
1231 911 1538 963 persequatur,
1570 909 1679 950 nihil

158 967 286 1018 aliud
305 966 408 1011 inde
429 965 621 1021 aprima
640 967 778 1021 aetate'
793 965 1020 1013 discimus,
1042 967 1127 1007 nisi
1150 967 1283 1008 verba
1309 967 1510 1020 quaedam
1541 967 1680 1021 solere

158 1019 491 1078 abundare-‚et-
509 1022 633 1064 salvo*
651 1029 790 1079 ‚sensu
823 1021 974 1064 abesse
992 1023 1137 1082 posse,
1162 1021 1243 1066 sed'
1267 1029 1414 1066 tamen
1441 1025 1487 1065 in
1517 1025 1573 1064 iis
1605 1024 1682 1065 ali-

158 1079 307 1135 quam*
329 1081 478 1122 inesse?
502 1081 595 1121 -vim
628 1080 849 1122 aumente
881 1077 1152 1137 elegantiam.
1221 1080 1335 1124 Tum
1368 1095 1456 1123 uno
1491 1077 1682 1123 alterove

156 1138 372 1194 exemplo'
393 1138 622 1194 proposito
665 1136 1006 1194 res‘transacta,
1037 1144 1109 1187 et,
1131 1143 1180 1181 ut
1213 1141 1330 1182 clare
1363 1140 1524 1188 dicam,
1554 1140 1683 1180 male

158 1196 406 1253 nobiscum'
427 1198 577 1238 'actum
611 1198 714 1237 est-
749 1195 823 1237 Sic
847 1211 897 1237 Δν.
935 1210 972 1238 c.
1007 1195 1187 1250 Bergler
1217 1198 1274 1239 ad
1295 1197 1499 1252 AIciphr.
1533 1209 1577 1250 p.
1609 1196 1687 1238 83.v

160 1252 247 1296 “¹8
268 1267 305 1295 τι
337 1254 413 1296 καὶ
433 1254 648 1309 δράσαιμι>ε’
670 1252 890 1295 Abundat*
909 1255 1054 1305 nah-'ut
1088 1268 1217 1309 saepe.
1261 1254 1489 1296 Demosth.
1514 1253 1678 1295 'Exord.

156 1308 300 1365 ‘'⁶³38.
324 1314 484 1366 »πρῶτον
500 1311 569 1360 μὲύ
590 1309 733 1351 ἕλεσθε·
748 1311 769 1350 ὅ
799 1327 837 1351 τι
861 1312 1152 1355 καὶ-ωοιήσετεε
1176 1310 1373 1366 'primum
1393 1311 1559 1366 eligite,
1577 1311 1683 1366 quid

156 1366 514 1428 ‹c'ffoeoturisitis;
561 1365 698 1423 ¹*Idem
714 1369 837 1419 alibi,
856 1369 1068 1421 aliique?
1127 1368 1278 1415 Quid?
1310 1370 1533 1418 nullamne
1549 1370 1681 1422 plane

159 1424 256 1480 vim
277 1427 386 1470 illud
421 1426 485 1467 καὶ
517 1425 691 1467 habet?
723 1439 779 1467 an
808 1426 1030 1478 eleganter
1049 1425 1261 1467 additur?
1294 1431 1336 1467 et
1357 1426 1455 1478 quae
1474 1429 1541 1467 est
1574 1426 1684 1473 haec,

159 1481 203 1531 si
221 1487 411 1541 quaest,
433 1484 685 1536 elegantia?
717 1482 920 1535 Denique
944 1483 1040 1524 «alio
1061 1485 1195 1524 etiam
1232 1484 1471 1538 interprete
1506 1483 1577 1523 hic
1606 1495 1685 1523 no-

159 1541 383 1598 bisopus
411 1542 522 1589 erit;
554 1541 640 1582 nisi
674 1539 1065 1588 forte‘credamus‚
1099 1540 1355 1593 Berglerum
1390 1541 1682 1588 existimasse,

160 1600 249 1651 hoc
267 1600 386 1657 apud
407 1599 585 1640 Graecos
614 1598 857 1648 obtinuisse
877 1598 938 1638 in>
959 1611 1158 1640 sermone
1192 1598 1364 1646 vitium,
1399 1602 1450 1639 ut
1481 1598 1602 1639 nulla
1631 1599 1685 1639 de

157 1659 327 1708 causa,
356 1657 554 1709 nihilque
592 1668 771 1710 prorsus
805 1655 1125 1708 significantes,
1161 1656 1242 1696 hac
1269 1656 1488 1709 particula
1516 1657 1684 1709 passim

158 1719 404 1761 uterentur.
466 1714 584 1757 Nam
604 1727 651 1767 p.
672 1712 743 1754 89.
767 1713 901 1754 simili
934 1714 1175 1755 brevitate:
1209 1719 1238 1737 “
1263 1715 1281 1752 ὁ
1312 1715 1381 1759 μέν
1401 1727 1481 1753 ras:
1517 1712 1604 1754 Hie
1625 1713 1684 1754 τὶς

157 1772 204 1804 ‘2'
230 1774 432 1831 παρέλκει)
460 1777 510 1814 ut
548 1771 706 1825 saepe.''
778 1769 894 1812 Tum
919 1771 1095 1824 {reliqua
1121 1771 1307 1812 conficit·
1328 1771 1551 1825 exemplis?
1568 1771 1681 1811 vnihil

155 1834 273 1883 lucis
293 1833 554 1887 pleonasmo
575 1829 887 1886 praebentibus.
907 1863 910 1865 .
940 1828 1034 1869 Sed
1055 1829 1290 1870 ostendunt
1320 1830 1409 1869 alia
1434 1829 1546 1875 loca,
1584 1840 1682 1869 eum

157 1888 316 1935 sanius
329 1889 570 1944 judicasse,
591 1891 644 1928 ut
665 1900 708 1941 p.
729 1885 832 1928 387.
895 1892 925 1911 ‘⁶
958 1885 1066 1939 Ἐγώ
1088 1904 1139 1927 σοι
1157 1900 1166 1926 :
1191 1884 1432 1927 'Moraliter
1443 1899 1524 1939 per
1543 1886 1680 1927 abun—

155 1944 367 1996 dantiam
391 1944 588 2001 ,positum
611 1944 681 1992 σοὶ,
714 1949 764 1985 ut
786 1956 947 1997 magna
969 1944 1251 1987 vnecessitudo
1269 1944 1379 1998 ipsis
1414 1943 1682 1996 intercedere

157 2003 365 2055 rideatur
379 2000 484 2046 ἕζεθ’
510 2012 513 2018 ’
545 2001 729 2048 Verum,
759 2015 816 2042 ne
835 2002 1008 2055 longior
1027 2003 1127 2049 sim,
1158 2014 1229 2042 res
1246 2001 1553 2055 ipsa.do‹:ebit‚
1577 2014 1682 2046 num

159 2060 307 2121 operae
342 2058 724 2116 pretium¹fue1·it‚
769 2059 981 2111 singulari
1014 2060 1232 2101 melibr‘o
1255 2059 1334 2101 hoc
1369 2063 1679 2112 argumentum

157 2120 450 2181 pertractare:
843 2172 851 2181 .
1038 2149 1040 2151 -
1543 2136 1558 2159 ,ῑ
1584 2155 1589 2160 ,
1616 2145 1619 2154 =
1648 2155 1651 2157 .

199 2180 265 2237 §.³
295 2176 339 2219 2.
370 2174 476 2217 Jam
509 2176 562 2215 ut
583 2176 736 2214 nostra
768 2173 853 2214 sibi
890 2178 1059 2215 constet
1079 2174 1338 2228 disputatio,
1369 2175 1518 2228 paullo
1549 2174 1681 2215 altius

157 2237 272 2287 rem,
295 2241 430 2289 quam
461 2230 723 2274 Lambertus
760 2229 848 2272 Bos
881 2244 959 2272 suo
991 2233 1035 2272 in
1071 2235 1327 2284 argumento
1358 2232 1480 2278 fecit,
1513 2236 1682 2285 repete-

157 2298 276 2347 mus,
308 2305 336 2334 a
370 2290 604 2345 principiis
636 2290 769 2331 certis
803 2290 1010 2344 profecti,
1042 2302 1066 2330 e
1099 2290 1259 2341 quibus
1287 2289 1474 2341 judicari
1509 2301 1699 2334 necesse·

159 2358 245 2402 est,
278 2350 391 2405 quid
423 2348 470 2389 in
499 2347 701 2388 oratione
730 2359 817 2387 non
838 2348 967 2388 modo
991 2346 1262 2398 Graeeorum,
1293 2347 1367 2388 sed
1395 2347 1587 2399 cuiusvis
1607 2358 1684 2399 po-

156 2407 275 2468 puli,
296 2408 377 2456 .vel
410 2406 602 2459 ‘nimium
629 2405 687 2446 sit
723 2406 791 2445 vel
827 2417 996 2459 parum.
1070 2404 1156 2446 Sed
1189 2409 1292 2446 ante
1325 2404 1567 2445 docendum
1595 2407 1682 2450 est,

157 2465 306 2523 qualis
341 2477 434 2506 esse
458 2463 632 2517 ‘lingua
669 2461 842 2510 debeat,
891 2463 938 2503 in
977 2463 1103 2515 cujus
1138 2476 1219 2503 usu
1259 2463 1684 2506 demonstrem-estant

156 2529 469 2583 pleonasmum
490 2520 618 2568 velis,
645 2523 724 2561 aut
751 2520 938 2574 ellipsin.
1000 2519 1113 2561 Cum
1131 2521 1282 2573 lingua
1312 2523 1512 2577 constare
1542 2520 1684 2573 possit

155 2585 322 2639 exiguo
347 2587 349 2590 “
370 2578 564 2632 quodam
597 2577 770 2618 rudium
806 2591 1012 2619 sonorum
1048 2591 1246 2625 numero,
1293 2577 1530 2630 quinulla
1565 2579 1685 2616 certa

95 2652 97 2654 “
153 2644 255 2698 lege
287 2639 630 2691 componantur,
663 2636 807 2689 qualis
842 2636 957 2676 haud
992 2636 1124 2677 dubie
1154 2636 1242 2676 fuit
1267 2636 1507 2689 primorum
1547 2633 1684 2674 homi-

156 2703 290 2749 num,
303 2700 352 2739 et
386 2707 502 2735 nunc
522 2693 658 2734 etiam
687 2697 769 2741 est,
805 2694 923 2745 quod
953 2693 1009 2734 ad
1041 2694 1369 2746 grammaticam
1398 2692 1684 2745 compositio-

156 2755 260 2800 nem
295 2753 506 2812 pertinet,
543 2751 835 2791 barbarorum
865 2752 1138 2803 quorundam
1168 2752 1341 2803 lingua:
1385 2751 1479 2802 jam
1520 2762 1598 2803 per
1636 2758 1683 2793 se'

155 2818 301 2870 patet,
324 2809 444 2865 quod
463 2811 508 2850 et
528 2808 650 2849 infra
684 2808 847 2849 clarius
873 2809 959 2858 fiet,
981 2809 1035 2849 de
1072 2809 1201 2861 hujus
1229 2809 1349 2848 nullo
1388 2805 1531 2858 quaeri·
1555 2819 1681 2859 opor-

155 2878 252 2915 tere
267 2873 553 2927 pleonasmo.·
601 2865 710 2906 Eam
742 2867 886 2919 potius
919 2867 1116 2918 linguam
1150 2879 1308 2920 ponere
1340 2865 1563 2911 debemus,
1585 2877 1681 2915 quae

158 2931 353 2974 abundet
373 2923 628 2969 nominibus
649 2936 794 2966 rerum
823 2924 1094 2966 naturalium
1117 2928 1160 2965 ct
1181 2927 1275 2965 arte
1304 2923 1521 2965 factarum
1543 2933 1678 2974 quam
