1838 3164
726 153 1093 185 maoz—motois.
1576 137 1662 185 241

132 253 264 296 nibus
283 267 386 297 cum
405 251 616 297 Genitivo
628 253 813 306 Junctis.
834 252 886 295 E.
908 265 953 306 g.
980 251 1105 308 Ἀνὴρ
1125 252 1311 301 μεγάλης
1334 253 1487 307 ἀρετῆς,
1510 255 1659 308 σοφίας,

131 310 430 367 δεισιδαιμονίας.
490 311 621 353 Plene
642 312 833 353 occurrit
849 312 1104 364 frequenter
1126 311 1171 351 in
1185 311 1327 351 sacris
1348 311 1523 359 litteris,
1553 326 1591 355 e.
1611 328 1657 368 g.

132 367 281 426 Actor.
314 370 408 411 xiii.
438 369 504 411 10.
532 366 637 422 Luc.
672 369 734 418 iv.
756 368 803 410 ⁷1.
846 382 886 409 ν.
930 367 994 409 12.
1066 366 1141 410 Sic
1173 366 1435 409 Theocritus
1467 366 1589 423 Idyll.
1623 373 1655 414 i.

131 439 220 469 ver.
246 427 353 482 146.ν
371 426 512 475 Στόμα
547 430 692 480 πλῆρες
721 428 894 474 μέλιτος.
928 425 1147 466 Scuwnn.
1196 423 1375 477 Longus
1402 437 1450 478 p.
1471 425 1515 466 3.
1552 425 1660 470 Vill.

131 484 297 539 «γήλοφοι
326 485 556 532 κλημάτων,
585 482 696 532 νομαὶ
721 485 920 531 ποιμνίων.
981 481 1238 538 Interpres:
1265 480 1520 538 palmitibus
1538 483 1659 527 colli·

132 540 236 589 culi,
258 553 421 599 pascua
445 538 649 596 gregibus
680 539 970 583 abundabant.
1001 541 1080 583 ubi
1111 553 1154 581 v.
1176 538 1408 581 Villoisoni
1430 541 1656 585 animadv.

133 591 182 654 p.
208 598 275 640 12.
305 588 419 640 sjit.
448 610 496 652 p.
533 596 600 639 14.
631 596 733 640 215.
767 607 1005 653 s.quaeque
1037 611 1120 653 ego
1152 597 1210 640 ad
1234 597 1424 640 eundem
1453 601 1655 653 congessi

133 667 178 712 p.
194 654 298 700 386.
323 654 527 697 δοῖμεν.

638 729 916 780 ΠΛΟΙΟΝ,
946 728 1029 773 NA
1041 729 1149 773 VIS.

189 803 376 848 phrases
396 808 502 847 sunt
521 804 726 852 nauticae,
758 805 967 860 ἐπιτρέπειν
999 807 1214 854 πνεύματι,
1245 804 1443 847 ἐπιδιδόναι
1472 809 1519 848 et
1539 804 1662 849 ἐνδοῦ-

130 878 204 914 ναι,
233 862 282 904 in
299 864 461 918 quibus
482 862 774 918 supprimitur
791 866 946 911 πλοῖον,
973 864 1041 905 vel
1070 864 1220 917 potius
1238 867 1376 904 πλοῖον
1397 876 1498 905 cum
1517 866 1664 921 ἀνέμῳ.

132 917 411 975 [Simplicius
439 934 699 977 pronomem
730 921 1003 976 reciprocum
1034 920 1285 963 subaudias.
1317 919 1543 976 Senam]
1574 919 1658 963 Ex.

132 983 199 1031 'gr-
224 976 488 1021 Heliodorus
519 977 717 1034 AEthiop.
749 979 828 1020 lib.
866 979 895 1019 i.
930 978 976 1020 3.
1006 976 1091 1020 Τοῦ
1124 978 1358 1035 κυβερνήτου
1389 978 1568 1028 ἐνδόντος,
1599 991 1658 1021 sc·

133 1037 270 1076 πλοῖον
288 1041 343 1093 τῷ
363 1039 512 1093 ἀνέμῳε
543 1049 675 1092 quum
707 1034 966 1092 gubernator
999 1034 1180 1078 dedisset
1209 1035 1459 1090 (navigium
1492 1037 1663 1092 vento).

134 1089 278 1134 Encas
294 1094 340 1135 in
354 1093 480 1135 Actis
493 1093 648 1148 Apost.
662 1095 797 1135 xxvii.
822 1092 1139 1135 15.-ἐπιδόντες
1151 1092 1366 1149 ἐφερόμεθα
1380 1108 1390 1133 :
1408 1093 1512 1136 data
1528 1093 1664 1148 (nave

134 1149 605 1207 flatibus)ferebamur.
637 1149 861 1193 Lucianus
881 1154 1090 1208 ἐπιτρέπειν
1119 1156 1175 1207 τῷ
1208 1154 1401 1199 πνεύματι
1419 1152 1535 1193 dixit
1555 1149 1666 1194 Ver.

136 1204 255 1249 Hist.
276 1208 304 1248 i.
322 1221 368 1262 p.
390 1207 488 1250 943.
520 1208 656 1250 Πλοῖα
677 1210 722 1250 in
744 1209 797 1250 τὰ
816 1210 1042 1265 ὑπηρετικὰ,
1059 1210 1090 1249 i.
1111 1221 1150 1249 e.
1171 1221 1300 1250 naves
1318 1208 1537 1250 actuariae.
1560 1206 1665 1251 Plu-

134 1264 314 1306 tarchus
330 1265 376 1306 in
395 1263 618 1318 Lysandro
636 1265 736 1307 438.
766 1269 935 1314 πέμπων
956 1267 996 1307 δὲ
1028 1266 1240 1321 ὑπηρετικὰ
1268 1267 1382 1321 magi
1410 1266 1484 1307 τοὶς
1501 1267 1667 1320 πρώτας

135 1325 212 1363 vah
231 1326 333 1364 νεῶν.
395 1321 641 1378 [Diodorus
660 1323 745 1365 Sic.
766 1324 857 1364 xiv.
887 1338 926 1365 c.
947 1323 1014 1364 60.
1047 1322 1256 1377 διέφθειραν
1287 1323 1359 1370 μὲν
1391 1327 1480 1364 ναῦς
1505 1324 1668 1364 πλείους

136 1381 212 1420 τῦν
256 1379 406 1431 ἑκατὸν,
452 1380 506 1421 τὰ
535 1380 568 1420 δ’
600 1380 812 1435 ὑπηρετικὰ
849 1381 962 1435 παρὰ
1007 1380 1070 1420 τὸν
1109 1379 1287 1427 αἰγιαλὸν
1331 1379 1667 1427 καταστήσαντες,

135 1453 175 1476 κ.
191 1453 231 1478 τ.
242 1445 286 1478 λ.
302 1437 380 1478 lib.
393 1450 464 1478 XX.
477 1452 516 1479 c.
531 1436 602 1479 49.
615 1441 729 1478 extr.
745 1437 871 1491 plene
892 1442 967 1477 τῶν
983 1438 1217 1491 ὑπηρετικῶν
1237 1438 1381 1477 πλοίων
1396 1439 1668 1485 συνεπομένων.

138 1491 223 1535 Sed
258 1494 367 1535 ibid.
401 1508 440 1536 c.
463 1495 532 1536 82.
563 1498 745 1548 propter
777 1493 1105 1548 oppositionem
1139 1493 1291 1534 malim
1320 1494 1436 1546 quod
1466 1494 1574 1535 olim
1606 1495 1669 1536 le·

137 1552 342 1605 gebatur,
372 1549 459 1606 εἶχε
482 1551 521 1594 δὲ
540 1557 629 1594 ναῦς
647 1553 801 1607 μακρὰς
830 1551 902 1599 μὲν
931 1552 1116 1591 παντοίας
1146 1549 1305 1598 μεγέθει
1337 1550 1544 1600 διακοσίας,
1566 1553 1668 1595 155⁷}-

137 1609 288 1664 ρετικὰς
309 1609 348 1651 δὲ
377 1610 506 1650 πλείω
537 1615 611 1650 τῶν
650 1608 784 1650 ἑκατόν
829 1607 1110 1657 ἑβδομήκοντα.
1190 1606 1312 1649 Neve
1351 1622 1482 1661 quem
1518 1610 1670 1652 turbet

139 1668 398 1721 σολοικοφανὲς
417 1668 525 1709 illud
542 1668 687 1716 πλείω,
710 1667 821 1708 sciat
849 1666 896 1707 id
923 1667 970 1707 in
992 1665 1177 1707 Diodori
1199 1666 1323 1706 libris
1358 1667 1670 1719 frequentissi-

138 1728 262 1766 'mum
281 1738 396 1773 esse,
428 1725 500 1768 hic
532 1729 666 1778 atque
700 1725 791 1767 illic
821 1737 879 1766 ex
909 1722 1145 1766 Codicibus
1174 1723 1486 1772 revocandum,
1517 1728 1568 1766 ut
1587 1725 1670 1768 xii.

137 1787 178 1824 c.
194 1781 268 1826 46.
298 1782 526 1837 Senum]

201 1842 225 1866 ⁶
244 1838 356 1882 Item
378 1842 425 1882 in
456 1842 655 1890 ἐπιβαίνειν
689 1840 893 1882 absolute
918 1841 1079 1895 posito.
1140 1838 1360 1882 Lucianus
1379 1843 1414 1880 t.
1435 1840 1466 1880 i.
1498 1852 1542 1893 p.
1566 1837 1667 1882 629.

136 1894 342 1946 Ἐπίβαινε
363 1901 423 1940 σύ.
455 1899 532 1940 ubi
554 1898 699 1940 Schol.
722 1897 864 1940 Graec.
895 1900 1089 1939 τουτέστιν
1110 1895 1248 1941 ἄνελθε
1279 1899 1330 1938 εἷς
1363 1897 1408 1937 τὸ
1440 1900 1591 1938 πλοῖον.
1621 1900 1668 1939 et

141 1956 292 2009 paullo
312 1959 416 1997 ante
437 1970 480 2011 p.
506 1956 601 1998 628.
631 1955 752 1996 Ἀλλ’
777 1957 933 2003 ’ἔμβαινε
950 1953 1088 2011 ἀγαθῇ
1109 1958 1236 2011 τύχῃ.
1267 1953 1487 2008 Expressa
1513 1958 1582 1996 est
1606 1955 1668 1995 el-

44 2014 51 2019 *
70 2065 74 2071 Ι
142 2012 268 2066 lipsis
289 2012 437 2055 Actor.
454 2015 588 2055 xxvii.
612 2013 655 2054 2.
684 2011 919 2061 Ἐπιβαντες
934 2012 972 2054 δὲ
992 2014 1129 2070 πλοίῳ.
1148 2019 1192 2054 et
1214 2026 1298 2054 ver.
1314 2010 1386 2052 40.
1402 2010 1503 2053 Εἴων
1523 2014 1575 2052 εἷς
1596 2012 1668 2054 τὴν

143 2066 364 2120 θάλασσαν,
380 2072 476 2113 Sub.
499 2072 544 2112 τὸ
558 2074 693 2111 πλοῖον
713 2072 818 2111 ἰέναι.
857 2069 907 2111 In
926 2069 1135 2120 μονόξυλα.
1180 2068 1384 2124 Polybius
1402 2073 1434 2110 t.
1459 2071 1486 2110 i.
1506 2082 1549 2124 p.
1566 2069 1670 2111 271.

144 2132 189 2169 et
208 2127 307 2169 272.
367 2127 417 2172 In
438 2129 645 2184 ἄφρακτον.
701 2126 821 2169 Idem
842 2132 876 2169 t.
892 2128 940 2169 ii.
961 2141 1006 2182 p.
1035 2127 1158 2169 1449.
1189 2127 1405 2169 Scnwssn.
1445 2126 1671 2168 Diodorus

140 2183 235 2235 Sic,
255 2186 364 2238 xvii.
386 2200 424 2227 c.
441 2185 512 2228 95.
544 2192 659 2229 extr.
683 2186 875 2226 διακοσίων
894 2186 964 2232 μὲν
984 2187 1188 2240 ἀφράκτων
1209 2187 1514 2234 ἡτοιμασμένων,
1550 2187 1670 2225 ὄκτα·

144 2245 276 2284 κοσίων
296 2243 336 2285 δὲ
354 2246 604 2299 ὑπηρετικῶν.
634 2245 712 2285 lib.
735 2257 811 2285 xx.
833 2256 871 2284 c.
892 2241 962 2284 55.
983 2247 1094 2284 extr.
1116 2242 1297 2299 ἄφρακτα
1320 2243 1385 2284 καὶ
1414 2242 1672 2284 πεντηκοντό-

142 2317 230 2354 ρους
246 2304 599 2350 ναυπηγησάμενος.
630 2316 668 2343 c.
688 2301 760 2343 97.
784 2301 884 2342 οὗτοι
904 2299 939 2339 δ’
961 2297 1066 2354 εἶχον
1087 2299 1268 2357 ἄφρακτα
1289 2302 1392 2356 τρία.
1424 2298 1671 2358 Ορροηυῃ-

146 2361 221 2411 tur
249 2363 339 2400 ναῦς
366 2361 647 2415 κατάφρακτοι.
707 2357 830 2400 Idem
860 2358 957 2399 xiii.
987 2371 1026 2399 e.
1062 2358 1155 2400 109.
1187 2364 1275 2401 ναῦς
1304 2358 1343 2399 δὲ
1373 2358 1672 2412 καταφράκτους

142 2414 403 2459 «πεντήκοντα.
435 2416 579 2458 Ambo
595 2430 760 2470 genera
775 2417 1026 2469 junguntur
1041 2416 1087 2457 in
1110 2415 1260 2470 Eclog.
1280 2419 1312 2457 t.
1335 2416 1384 2457 ii.
1407 2429 1452 2470 p.
1473 2414 1574 2457 496.
1595 2413 1669 2456 76.

147 2473 190 2513 αἱ
220 2470 260 2513 δὲ
287 2477 392 2521 ναῦς,
422 2473 469 2516 ἃς
495 2477 718 2530 παρέλαβεν
750 2475 785 2515 ἐν
820 2477 907 2514 ταῖς
936 2471 1209 2529 Συρακούσαις,
1241 2475 1507 2528 κατάφρακτοι
1538 2471 1674 2515 ἓκατὸν

148 2528 277 2577 εἴκοσι,
298 2529 362 2570 καὶ
382 2528 568 2586 ἄφρακτοι
588 2532 713 2574 εἴκοσι.
744 2530 949 2573 SCHAEF.

205 2586 234 2613 ²¹¹
264 2594 296 2612 ‘⁶
319 2586 472 2641 Polyb.
493 2590 559 2631 iii.
579 2589 652 2632 43.
675 2589 728 2630 τα
746 2588 955 2638 μονόξυλα·
992 2589 1068 2630 sed
1095 2589 1156 2630 ib.
1187 2601 1225 2629 c.
1243 2586 1316 2630 42.
1345 2588 1460 2630 dixit
1480 2585 1676 2638 μονόξυλα
1696 2638 1699 2640 .

147 2646 317 2687 πλοῖα.”
372 2643 565 2689 Fischer.
588 2647 643 2688 ad
663 2645 844 2688 Weller.
866 2647 932 2688 iii.
967 2646 1005 2688 1.
1029 2660 1075 2702 p.
1095 2645 1196 2688 261.
1255 2645 1489 2688 AEschines
1510 2660 1553 2701 p.
1574 2644 1676 2687 294.

149 2700 304 2745 Reisk.
325 2705 361 2744 ἐν
378 2703 575 2761 μονοξύλῳ
591 2705 733 2761 πλοίῳ.
797 2703 1015 2746 Lucianus
1034 2709 1065 2746 t.
1087 2705 1136 2746 ii.
1153 2717 1199 2758 p.
1228 2703 1322 2746 123.
1343 2705 1395 2745 εἰς
1413 2709 1500 2746 ναῦν
1518 2702 1678 2751 μονοξυ·

150 2767 232 2802 λον.
287 2760 557 2818 Ἀτοειῶτεξον
577 2761 761 2804 Lemma
779 2760 1050 2816 Epigramm.
1068 2762 1205 2803 xxvii.
1252 2760 1471 2816 Antiphili
1490 2759 1678 2812 Byzant.

150 2817 198 2859 in
215 2816 323 2860 Cod-
338 2817 442 2861 Vat.
460 2822 512 2861 εὶς
522 2818 716 2870 μονόξυλα
737 2821 779 2860 ἐκ
799 2819 985 2875 δέρματος
1004 2822 1351 2867 κατεσκευασμένα.
1374 2819 1488 2860 Add.
1509 2818 1680 2859 Albert.

134 2874 210 2916 'ad
228 2873 475 2930 Hesych.,t.
496 2876 541 2919 ii.
563 2893 602 2921 c.
626 2877 726 2921 618.
745 2876 819 2923 22.
840 2881 886 2922 et
903 2876 1170 2933 Wesseling.
1199 2877 1258 2920 ad
1276 2876 1459 2920 Diodor.
1480 2875 1571 2919 Sic.
1592 2878 1624 2917 t.
1646 2873 1680 2914 i.

153 2944 201 2988 p.
228 2931 326 2985 131,
348 2933 423 2980 40.
454 2934 666 2982 Sonat.
912 2953 925 2961 ¹*

1376 3012 1407 3041 R
