1838 3164
172 138 252 182 160
706 138 901 185 Ειιῑεεῐε
921 148 1157 185 NOMINUM.
1611 176 1640 183 2

164 255 262 295 lunt
298 253 533 310 declarare,
579 253 822 296 orationem
868 253 1098 301 cohaerere,
1142 250 1211 293 vel
1261 247 1418 290 minus.
1492 245 1683 301 [Vellem

165 310 460 366 Schwebelius
490 312 662 365 aliquot
686 311 887 365 exempla
918 312 1048 364 hujus
1074 307 1252 364 Ellipsis
1279 306 1515 348 attulisset.
1575 303 1680 353 Quae

164 371 280 411 enim
301 383 384 423 ego
417 372 465 413 in
494 374 669 425 promtu
703 370 844 411 habeo
875 369 1078 423 exempla
1108 379 1214 408 usus
1244 366 1419 407 illarum
1446 375 1602 405 vocum
1632 365 1681 405 in

166 426 566 470 Grammaticorum
586 424 780 482 scriptis,
812 440 900 468 non
929 429 1030 468 sunt
1047 439 1072 466 e
1093 422 1247 478 genere
1274 422 1484 476 elliptico.
1546 420 1682 474 Apol-

165 485 312 534 lonius
331 486 385 527 de
405 484 526 539 Synt.
560 499 604 541 p.
627 483 670 533 9,
691 482 762 525 28.
795 483 840 524 τὸ
866 484 1116 526 κατάλληλον
1138 485 1208 526 τῆς
1238 480 1461 529 συντάξεως.
1497 490 1544 533 p.
1577 476 1680 526 222,

165 541 238 591 29,
271 544 461 598 προφανὲς
491 544 635 593 (γίνεται
669 541 714 582 τὸ
734 542 1024 583 ἀκατάλληλον.
1050 554 1092 595 Ρ.
1119 537 1221 588 224,
1255 537 1327 580 28.
1356 536 1530 591 διέκριναν
1562 536 1609 576 τό
1638 552 1682 576 τε

164 601 416 649 κατάλληλον
447 600 511 642 καὶ
545 601 834 641 ἀκατάλληλον.
893 597 1038 652 Legas
1064 597 1243 650 quidem
1275 596 1325 636 in
1357 593 1594 636 Eustathio
1627 593 1687 635 ad

164 655 295 699 Iliad.
323 672 368 713 p.
390 656 494 706 236,
524 657 594 699 25.
624 653 746 711 (179,
766 654 829 710 7.)
856 660 924 698 τοῦ
948 654 1206 700 καταλληλου
1224 656 1296 698 τῆς
1315 650 1540 701 συντάξεως.
1600 649 1687 692 Sed

164 716 266 768 quis
284 729 372 758 non
392 716 617 769 intelligit,
649 715 696 755 in
718 713 800 755 hoc
820 713 1128 767 similibusque
1159 713 1267 754 locis
1297 723 1390 752 esse
1419 721 1549 752 casus
1575 708 1685 750 obli-

167 786 277 826 quos
328 775 501 828 generis
547 771 780 814 neutrius?
831 769 1055 828 Samma]
1130 767 1182 811 In
1222 768 1483 818 συμμιγνύειν.
1532 765 1682 819 Polyb.

166 834 200 872 t.
224 831 253 873 i.
285 844 331 886 p.
354 830 425 872 45.
484 829 534 871 In
570 826 838 870 δια-τάσσεσθαι
878 833 924 870 et
962 826 1332 871 ἀντιδιατάσσεσθαι.
1394 823 1554 866 Sextus
1586 823 1688 866 Em-

165 889 248 942 pir.
283 903 327 944 p.
345 888 445 930 404.
477 893 521 930 et
538 886 637 929 405.
697 883 749 927 In
778 888 1030 935 συμβάλλειν.
1089 885 1239 928 Actor.
1258 897 1354 939 cap.
1374 883 1484 924 xvii.
1511 881 1577 923 18.
1635 880 1689 924 In

165 948 293 1002 αἱρεῖν.
353 944 533 987 Homer.
571 943 726 997 Odyss.
748 942 805 984 Θ.
837 957 878 985 V.
900 943 998 986 500.
1021 941 1168 984 ’Ἔνθεν
1190 943 1299 984 ἑλών.
1361 938 1434 996 [Id
1454 940 1600 987 multi,
1619 939 1689 981 in-

164 1004 320 1058 primis
339 1018 362 1045 e
381 1003 710 1049 recentioribus,
746 1001 912 1043 imitati
933 1005 1051 1043 sunt.
1086 999 1189 1041 Vid.
1224 998 1411 1043 Dorvill.
1441 997 1498 1038 ad
1516 995 1686 1038 Charit.

164 1074 208 1115 p.
242 1060 310 1102 92.
369 1060 506 1114 Toup.
546 1059 603 1101 ad
641 1058 826 1111 Longin.
862 1072 904 1113 p.
938 1057 1038 1100 350.
1084 1054 1308 1112 SCHAEF]
1367 1053 1419 1095 In
1449 1053 1691 1102 ἀνταμείβεσ-

166 1117 245 1159 θαι.
292 1116 412 1160 Idem
444 1116 568 1159 Iliad.
604 1114 657 1157 A.
689 1130 730 1158 v.
753 1115 822 1157 84.
852 1120 898 1158 et
926 1115 1034 1158 alibi
1064 1128 1206 1169 saepe:
1241 1125 1508 1167 quamquam
1541 1111 1588 1152 in
1608 1111 1692 1153 hoc

165 1176 327 1274 ῗῗῗὲἒᾞ
344 1174 482 1274 ‘fii-{33⁹
501 1172 1439 1274 Q‘ffvffi'mes'ffl'Tssffliffiffissmeskcss’
1452 1183 1502 1269 ἕξ
1534 1167 1690 1269 ξ’ἒίἷῗ

163 1304 247 1332 ver.
267 1291 336 1333 33.
373 1289 456 1332 tria
474 1304 559 1333 non
578 1288 887 1332 commutabitis
904 1288 1040 1332 verba.
1080 1287 1133 1330 In
1154 1286 1450 1335 ὑπολαμβάνειν.
1485 1283 1689 1340 Xenoph.

167 1346 225 1388 K.
246 1347 305 1389 Π.
327 1349 400 1390 lib.
424 1348 469 1389 ii.
500 1362 542 1402 p.
567 1347 660 1390 101.
697 1346 749 1389 In
770 1348 961 1402 ἐπιφέρειν.
1012 1347 1190 1399 Dionys.
1213 1344 1315 1386 Hal.
1334 1344 1409 1385 lib.
1430 1343 1505 1385 vii.
1527 1356 1570 1397 p.
1589 1341 1688 1385 430.

165 1404 217 1447 In
239 1408 376 1448 τείνειν.
419 1405 620 1461 Sophocl.
653 1404 770 1458 AJax
800 1418 840 1446 v.
865 1403 984 1448 1059.
1034 1404 1230 1448 Verbum
1249 1401 1540 1456 compositum
1560 1416 1690 1456 παρα-

167 1465 293 1505 τείνειν
320 1477 420 1506 cum
450 1477 556 1506 voce
602 1476 808 1518 expressa
850 1463 987 1511 λόγους
1020 1467 1089 1505 est
1121 1460 1267 1503 Actor.
1299 1472 1370 1501 xx.
1413 1457 1452 1499 9.
1516 1455 1613 1513 [Sic
1646 1461 1692 1499 et

167 1521 350 1563 ἐκτείνειν.
380 1520 481 1563 Vid.
503 1522 557 1563 de
577 1516 648 1563 his'
660 1522 741 1562 vir.
763 1521 877 1561 doct.
894 1522 952 1563 ad
970 1521 1123 1564 Thom.
1142 1518 1263 1571 Mag.
1284 1531 1327 1572 p.
1345 1515 1442 1557 614.
1464 1514 1702 1572 Somnum]

168 1577 220 1619 In
238 1582 431 1628 μκηκύνειν,
454 1593 541 1633 quo
562 1581 697 1621 etiam
718 1577 968 1622 Herodotus
1000 1581 1167 1620 ἐλλιπῶς
1194 1589 1301 1617 usus
1321 1577 1388 1616 est
1410 1574 1485 1614 lib.
1505 1573 1570 1614 iii.
1595 1586 1691 1627 cap.

169 1636 237 1677 60.
271 1638 447 1692 ellipsin
476 1638 650 1693 supplet
679 1635 917 1693 Sophocles
951 1636 1104 1680 Electr.
1141 1648 1180 1677 v.
1208 1631 1332 1676 1514.
1370 1630 1491 1681 Μηδὲ
1517 1632 1694 1679 μηκύνειν

169 1695 322 1743 λόγους.
355 1695 568 1737 Scnwnss.
1360 1693 1362 1695 ’

225 1751 253 1778 *
283 1751 334 1794 In
369 1754 582 1802 μαντευτὸς
615 1766 684 1808 ap.
722 1750 927 1807 Xenoph.
961 1749 1037 1790 lib.
1060 1748 1118 1790 iv.
1145 1747 1339 1803 expedit.
1378 1745 1501 1800 Cyri,
1527 1759 1573 1801 p.
1589 1744 1691 1788 219.
1768 1740 1771 1744 ’

170 1809 282 1866 ὅσπερ
313 1813 419 1868 αὐτῷ
447 1810 660 1861 μαντευτὸς
688 1810 837 1865 (λόγος)
867 1807 910 1854 ἦν
943 1808 986 1848 ἐκ
1016 1806 1199 1860 Δελφῶν.
1261 1804 1394 1847 Conf.
1422 1803 1555 1846 Misc.
1585 1802 1695 1845 Obs.

172 1866 282 1908 Crit.
319 1870 403 1910 vol.
445 1882 483 1911 v.
518 1883 560 1924 p.
592 1867 689 1911 235.
732 1867 780 1910 F.
802 1866 875 1909 ST.
938 1863 1053 1906 Mire
1087 1865 1285 1906 abutitur
1322 1864 1389 1905 vir
1417 1862 1694 1904 doctissimus

168 1924 474 1980 Xenophontis
505 1929 615 1975 loco,
651 1927 729 1980 qui
764 1926 826 1968 sic
859 1924 992 1966 habet
1012 1935 1054 1977 p.
1084 1921 1182 1964 334.
1220 1922 1285 1962 ed.
1322 1920 1526 1962 Schneid.
1560 1917 1696 1959 ἐθύετο

172 1988 227 2038 τῷ
258 1981 333 2024 Δι’ὶ·
354 1990 408 2039 τῷ
434 1983 607 2033 Βασιλεῖ,
637 1985 749 2040 ὅσπερ
780 1986 885 2039 αὐτῷ
917 1979 1131 2030 μαντευτὸς
1157 1979 1200 2023 ἦν
1231 1981 1273 2020 ἐκ
1295 1978 1479 2031 Δελφῶν.
1538 1975 1698 2018 Obiter

172 2053 342 2089 moneo,
389 2055 540 2084 vocem
581 2041 810 2091 μαντευτὸς,
859 2038 1100 2081 Abreschio
1146 2036 1275 2078 Misc.
1308 2034 1412 2077 Obs.
1459 2033 1564 2076 Crit.
1596 2035 1623 2076 l.
1657 2048 1691 2077 c.

173 2099 322 2150 paullo
342 2099 547 2141 rariorem
567 2101 722 2148 visam,
756 2099 940 2152 reperiri
974 2096 1111 2137 etiam
1143 2097 1190 2136 in
1221 2094 1449 2148 Euripidis
1480 2091 1574 2134 Ion.
1599 2105 1692 2133 ver.

180 2154 302 2196 1228.
336 2155 507 2209 Musgr.
539 2156 661 2211 (mox
690 2171 730 2198 v.
767 2155 886 2198 1237.
920 2152 1235 2208 πυθόχρηστος.)
1298 2151 1589 2192 Philostratea
1618 2163 1694 2191 ex-

175 2214 322 2267 empla
347 2215 556 2256 excitavit
574 2213 895 2268 Wesselingius
913 2213 970 2253 ad
989 2210 1204 2252 Herodot.
1233 2223 1277 2264 p.
1299 2207 1402 2255 434,
1431 2207 1505 2249 58.
1566 2205 1695 2259 Legi-

175 2273 248 2311 tur
269 2272 376 2313 item
401 2273 448 2312 in
470 2271 710 2313 Heliodoro
729 2274 807 2314 lib.
834 2273 895 2312 ix.
917 2271 976 2311 in.
1003 2269 1076 2309 ὑπὸ
1107 2273 1174 2310 τοῦ
1201 2270 1417 2316 μαντευτοῖι
1443 2267 1514 2308 τῆς
1532 2264 1694 2318 ψυχῆς.

177 2326 264 2368 Sed
285 2329 405 2370 locus
426 2330 498 2370 hic
528 2334 756 2384 corruptus
778 2334 860 2378 est,
897 2326 1262 2377 scribendumque
1281 2326 1549 2372 μαντευτικοῦ,
1579 2321 1698 2374 quod

176 2389 221 2425 et
253 2383 422 2439 Corayo
452 2388 625 2441 placere
652 2389 861 2429 intellexi.
921 2384 1146 2437 Frequens
1180 2383 1291 2423 satis
1316 2379 1607 2423 commutatio
1631 2383 1699 2420 ta-

176 2442 286 2483 lium
306 2444 548 2486 formarum
568 2459 576 2484 :
609 2445 970 2498 frequentissima
997 2441 1316 2496 adjectivorum
1347 2436 1533 2481 αἰσθητὸς
1551 2441 1596 2479 et
1615 2438 1697 2478 αἶσ-

179 2498 348 2542 ἓητικός.
407 2500 507 2542 Vid.
543 2501 759 2544 Dundass.
796 2503 842 2543 in
875 2501 1070 2543 Addend.
1106 2499 1164 2540 ad
1195 2497 1367 2539 Oribas.
1388 2509 1432 2551 p.
1461 2494 1533 2537 28.
1576 2493 1696 2550 [coll.

179 2555 331 2599 Reisk.
354 2560 399 2600 in
421 2559 532 2600 Add.
553 2560 609 2601 ad
630 2559 771 2601 Anon.
792 2559 957 2602 Introd.
980 2558 1185 2600 Anatom.
1206 2555 1266 2597 in.
1289 2555 1365 2608 qui
1386 2553 1551 2608 partim
1563 2555 1697 2599 recte,

177 2617 341 2669 partim
359 2630 481 2659 secus
496 2616 529 2674 :]
561 2618 720 2659 vitium
740 2617 821 2671 hoc
842 2618 1069 2672 irrepsisse
1089 2615 1265 2656 credens
1281 2626 1336 2654 ex
1351 2614 1574 2653 contracto
1595 2610 1699 2650 scri-

180 2673 313 2772 Ιέθηεὶὶ
346 2675 492 2724 modo,
524 2679 569 2717 et
587 2675 895 2729 Wyttenbach.
929 2676 985 2717 ad
1017 2673 1238 2716 Plutarch.
1269 2671 1381 2714 Mor.
1417 2673 1449 2711 t.
1470 2669 1499 2710 i.
1534 2681 1577 2724 p.
1598 2665 1697 2710 347.

216 2744 382 2775 GHAEF.

689 2823 715 2851 *ᾗ
734 2821 962 2870 ΛΟΓΟΣ,
994 2820 1195 2863 RATIO.

213 2894 289 2937 'In
324 2897 386 2938 ἐπὶ
416 2900 501 2947 τίνι,
528 2882 648 2950 ‘quod
680 2893 904 2950 integrum
939 2900 1004 2937 est
1044 2895 1105 2936 ἐπὶ
1146 2895 1215 2936 τίνι
1253 2894 1386 2948 λόγῳ;
1428 2903 1611 2948 quanam
1652 2887 1703 2930 de

184 2960 367 2998 caussa?
411 2955 500 2998 Leo
540 2953 652 3011 Imp.
692 2954 831 2996 Serm.
867 2955 919 2995 de
959 2953 1188 3008 sepulchro
1229 2949 1395 2993 Christi
1427 2963 1468 3004 p.
1496 2947 1606 2990 227:
1640 2945 1702 2988 ἐπῖ
