1838 3164
227 137 286 179 92
603 137 925 180 PLEONASMI
952 137 1380 180 ΑΒἿΕΒΒῙΟΒΠΜ.

231 250 342 294 Xen.
364 250 476 307 Exp.
503 250 607 306 Cyri
637 252 748 300 i.3,
788 250 855 294 16.
916 249 1003 294 Hie
1036 252 1187 294 licebit
1218 251 1471 306 opinionem
1498 259 1641 291 meam
1667 247 1740 290 de-

231 310 409 352 fendere
435 311 673 366 copiosius.
733 309 847 351 Puto
878 322 1050 364 nempe,
1080 310 1379 352 accusativum
1417 320 1512 351 esse
1542 319 1571 348 a
1601 303 1740 353 moins,

231 367 347 432 quod
383 381 554 417 nomen,
585 369 868 420 undecunque
907 370 1068 430 ortum,
1100 366 1411 421 significaverit
1445 361 1740 412 reversionem,

231 424 441 468 incessum
473 425 521 468 in
548 431 715 481 partem
749 422 1016 467 contrariam.
1075 424 1220 467 Primo
1253 426 1370 466 enim
1403 424 1525 465 nulla
1544 422 1647 464 sunt
1662 419 1741 461 ad-

230 484 381 526 verbia
412 483 579 550 syllaba
607 491 665 524 λιν
695 486 774 524 aut
809 499 836 523 ιν
867 482 1136 530 terminata3
1167 482 1243 524 sed
1272 482 1480 537 permulti
1502 477 1740 521 accusativi

230 542 462 583 nominum
495 541 585 582 vim
618 540 830 582 habentes
869 540 1188 588 adverbiorum,
1226 543 1277 582 ut
1296 538 1441 595 ἀρχὴν,
1479 535 1627 587 ἀκμὴν,
1657 537 1743 578 etc.

231 597 403 640 Deinde
435 597 706 652 Phrynichus
742 598 883 645 docet,
913 610 992 651 pro
1023 598 1144 639 πάλιν
1164 598 1397 639 nonnullos
1427 597 1592 638 dixisse
1619 593 1740 640 πάλι,

235 656 309 711 qui
345 659 413 698 est
461 657 555 698 sine
594 656 730 696 dubio
762 655 937 696 dativus
976 666 1005 695 a
1041 655 1175 696 ωάλις.
1249 653 1451 698 Occurrit
1503 657 1654 694 autem
1691 649 1741 692 in

233 712 520 755 Manethonis
546 712 868 760 Ἀποτελεσματ.
897 712 976 754 lib.
1008 713 1125 754 vi.v.
1155 710 1222 754 99.
1273 710 1339 754 *H
1372 713 1470 753 πάλι
1504 710 1538 750 δ’
1569 707 1743 764 ἅρῤήτοις

231 770 365 812 παῖδες
396 773 559 812 τοκέεσσι
579 772 765 820 γίνονταιε
797 774 890 821 aut,
921 774 973 811 ut
1006 767 1199 811 Dorville
1231 770 1438 823 corrigit:
1477 766 1669 816 ’Έμπαλι
1707 764 1741 805 δ’

188 871 191 873 .
233 826 282 884 ἄῤ
301 831 428 884 ῥητοῖς
454 833 533 871 etc.
593 827 795 881 Denique
830 827 1235 880 frequentissimum
1268 830 1334 869 est
1365 826 1436 869 ἀνὰ
1464 827 1603 873 πάλιν,
1632 824 1743 870 sive,

230 889 282 927 ut
302 886 518 934 scribunt,
537 885 741 926 ἀνάπαλιν.
799 882 952 937 Itaque
981 885 1090 926 illud
1126 884 1268 926 Paulli
1295 883 1323 926 2
1361 882 1464 925 Cor.
1485 883 1583 923 xiii.
1616 881 1745 923 2.εῖς

234 960 280 984 το
295 944 415 984 πάλιν
435 944 578 997 plenis
605 942 750 984 verbis
781 943 866 984 erit
884 944 935 984 εἷς
955 959 1000 983 το
1020 944 1091 983 α’νσὶ
1108 944 1228 983 πάλιν
1248 941 1285 983 ὂν
1317 943 1429 997 μέρος
1449 941 1598 995 χρόνον.
1657 937 1744 978 Sed

231 1001 353 1043 locus
371 1002 513 1053 magis
533 1000 760 1049 notabilis,
791 1001 864 1055 qui
886 1004 931 1042 et
963 1000 1228 1042 sententiam
1262 1002 1458 1041 nostram
1481 999 1643 1044 firmat,
1679 997 1746 1037 est

230 1057 510 1107 Callimachi,
542 1060 702 1100 lavacr.
765 1055 873 1099 Pall.
903 1071 945 1100 V.
971 1056 1064 1100 14].
1124 1055 1251 1113 Χαῖρε
1272 1056 1344 1098 καὶ
1374 1055 1431 1106 ἐξε
1417 1056 1586 1103 λάοισαι,
1615 1071 1697 1094 και
1708 1053 1745 1094 ἐς

229 1117 348 1158 πάλιν
367 1114 476 1157 auras
495 1114 685 1156 ἐλάσσαισ’
704 1115 870 1157 ιππουςτ
904 1115 949 1156 h
980 1129 1021 1158 e.
1052 1113 1179 1157 Salve
1197 1121 1239 1157 et
1256 1112 1493 1170 egffediens,
1522 1117 1565 1154 et
1592 1109 1653 1154 ad
1683 1124 1747 1152 re-

233 1172 374 1215 ditum
390 1185 535 1215 rursus
553 1186 684 1229 agens
704 1185 843 1228 equos.
905 1173 1069 1244 Scripsi
1107 1173 1296 1214 ἐλάσσαισ’
1323 1185 1423 1214 cum
1457 1168 1745 1226 apostropho‚

231 1234 283 1274 ut
301 1233 360 1273 sit
391 1244 473 1286 pro
502 1230 653 1273 Attico
685 1231 923 1286 participio
953 1231 1135 1272 ἐλάσασα.
1195 1229 1247 1272 In
1277 1230 1347 1272 his
1366 1242 1447 1283 pro
1467 1231 1504 1270 ἐς
1531 1230 1648 1270 πάλιν
1667 1239 1748 1269 nec

233 1290 524 1331 necessariam
557 1293 602 1330 et
634 1289 777 1359 plane·
794 1288 1002 1341 frigidam
1031 1289 1264 1330 lectionem
1284 1302 1307 1329 e
1327 1289 1575 1342 conjectura
1595 1284 1748 1327 intulit

233 1346 547 1402 Stephanus‚'
533 1365 570 1388 ες
602 1348 726 1396 πόλιν,
757 1344 807 1387 in
844 1345 1000 1388 urbem.
1059 1343 1240 1388 Licebat
1270 1347 1426 1387 saltem
1461 1344 1623 1386 tmesin
1658 1346 1749 1384 sta-

233 1409 358 1447 tuere
377 1408 422 1446 et
443 1404 506 1446 sic
524 1405 590 1445 vel
621 1404 678 1445 ad
708 1402 816 1445 αυτ-ις
846 1405 914 1445 vel
947 1404 1004 1445 ad
1035 1403 1225 1443 ἐλάσσαισ’
1262 1403 1438 1444 trahere
1470 1399 1746 1455 praepositio-

232 1475 349 1504 nem.
410 1461 498 1503 Sed
517 1474 600 1514 ego
618 1461 797 1515 quidem
822 1461 962 1514 jungo
982 1472 1082 1503 cum
1101 1461 1231 1511 πάλιν,
1262 1459 1454 1503 faciliori
1474 1459 1662 1505 ratione,
1692 1460 1745 1499 ut

231 1520 290 1562 sit
309 1520 455 1575 prisco
474 1532 594 1560 more
611 1520 779 1560 dictum
800 1517 858 1560 ad
874 1517 1058 1560 reditum
1076 1530 1155 1584 pro
1189 1519 1325 1569 πάλιν,
1351 1523 1475 1559 retro
1533 1514 1621 1557 Sed
1642 1515 1749 1570 quid

233 1579 309 1620 fiet
346 1578 401 1619 de
436 1577 634 1625 έμπαλινῒ
705 1575 852 1617 Primo
903 1576 1044 1617 multa
1082 1576 1128 1616 in
1167 1576 1371 1618 omnibus
1406 1574 1571 1627 linguis
1610 1585 1748 1627 prava

231 1636 404 1677 ratione
421 1637 745 1688 componuntur
763 1637 945 1688 propter
974 1633 1224 1685 ignoratam
1257 1632 1487 1687 propriam
1514 1630 1750 1672 verborum

236 1692 616 1746 significationem,
648 1703 786 1742 eaque
806 1703 906 1732 curn
924 1693 1195 1744 usurpantur
1214 1691 1347 1743 vulgo
1364 1689 1421 1730 ab
1441 1688 1662 1737 omnibus,
1695 1700 1752 1730 ne

234 1750 351 1792 docti
370 1749 548 1802 quidem
568 1761 622 1790 ea
640 1751 869 1802 respuunt.
931 1746 1102 1789 Deinde
1127 1747 1299 1789 credere
1318 1748 1437 1796 licet,
1467 1746 1578 1789 illud
1598 1747 1754 1789 multis

233 1807 342 1850 loeis
365 1810 618 1862 corruptum
654 1818 749 1847 esse
778 1818 833 1847 ex
865 1805 1015 1853 ἕμπαλι
1045 1805 1089 1846 h.
1112 1818 1150 1846 e.
1173 1809 1207 1847 ἐν
1229 1806 1331 1846 πάλι
1351 1809 1428 1847 aut
1448 1803 1624 1854 ἔμπαλιν
1646 1804 1689 1845 h.
1706 1817 1748 1847 e.

230 1865 305 1908 ἀνά
323 1866 460 1906 πάλιν.

292 1922 397 1965 Jam
417 1936 442 1963 e
461 1922 591 1964 dictis
610 1925 750 1976 patet,
783 1920 1008 1963 commode
1039 1921 1137 1962 illas
1171 1921 1413 1975 particulas
1433 1919 1629 1975 potuisse
1649 1932 1751 1961 con-

231 1981 392 2035 jungi,.
411 1993 572 2033 easque
592 1979 828 2021 conciliare
847 1979 1038 2021 orationi
1059 1979 1225 2034 aliquid
1253 1979 1504 2032 gravitatis,
1535 1978 1639 2033 quia
1658 1990 1751 2019 rem

237 2038 422 2081 diversis
457 2051 512 2079 ex
551 2037 751 2092 partibus
787 2041 1052 2084 monstrant,
1082 2040 1142 2085 et,
1172 2037 1209 2078 si
1247 2037 1353 2090 quid
1385 2036 1631 2103 urgendum
1666 2038 1750 2084 est,

238 2098 383 2150 magis
402 2100 574 2148 urgent.
633 2093 705 2137 Cf.
738 2098 784 2136 et
814 2094 878 2143 ἂψ
914 2098 959 2136 et
996 2094 1118 2150 ἀρχή.
1109 2094 1264 2136 .·-Sed
1298 2095 1521 2136 nonnullis
1559 2095 1606 2135 in
1645 2093 1753 2136 locis

240 2167 355 2196 vana
392 2154 585 2208 suspicio
622 2153 866 2207 pleonasmi
897 2153 1088 2200 exsistit,
1120 2153 1158 2194 si
1198 2153 1330 2194 verba
1368 2156 1522 2194 contra
1561 2154 1754 2192 mentem

241 2212 466 2266 scriptoris
501 2212 558 2252 ab
593 2211 831 2265 interprete
861 2210 1182 2252 distrahuntur.
1242 2208 1356 2251 Xen.
1393 2207 1496 2262 Cyri
1536 2207 1655 2250 Disc.
1676 2209 1753 2250 vii.

239 2270 284 2317 2
315 2269 385 2312 23.
406 2269 636 2323 particulae
655 2286 705 2309 av
738 2270 860 2309 πάλιν
890 2280 917 2308 a
948 2265 1119 2309 Zeunio
1149 2268 1199 2309 in
1220 2267 1363 2309 indice
1382 2268 1462 2309 sub
1481 2284 1531 2308 av
1550 2266 1597 2307 in
1616 2279 1756 2308 unum

238 2328 484 2380 conjunctae
505 2329 737 2367 vertuntur
762 2323 899 2368 szmili
921 2323 1052 2381 plane
1085 2324 1225 2367 modo.
1286 2323 1372 2366 Sed
1407 2342 1456 2365 av
1495 2326 1562 2365 est
1590 2329 1755 2372 contra,

240 2386 516 2439 pertinetque
537 2385 593 2425 ad
621 2382 745 2431 illud,
781 2383 899 2436 quod
933 2383 1083 2424 multis
1115 2382 1357 2436 interjectis
1391 2382 1587 2434 sequitur
1615 2381 1654 2436 ξ.
1675 2379 1752 2423 24.

240 2442 428 2483 δικαίως’
410 2459 494 2494 εχω
511 2442 582 2484 τὴν
603 2441 722 2484 δίκην.
783 2441 902 2483 Nam
933 2444 1036 2482 ante
1069 2441 1124 2482 de
1155 2444 1272 2482 sorte
1313 2452 1395 2480 sua
1430 2438 1608 2482 Croesus
1640 2439 1754 2480 nihil

238 2500 431 2542 fortunae
465 2502 789 2546 succensuerat,
821 2511 960 2553 neque
998 2497 1250 2553 Apollinem
1283 2501 1586 2558 accusaverat.
1634 2497 1756 2538 πάλιν

240 2561 388 2600 autem
409 2557 600 2612 pertinet
623 2557 679 2598 ad
701 2555 1022 2612 διαθρυπτόμενος
1040 2559 1085 2598 et
1104 2557 1405 2609 ἀναφυσώμενος

681 2636 983 2681 ΑὙΤΟΘΕΝ
1003 2642 1047 2681 et
1083 2636 1307 2680 ΑΥΤΟΥ.

304 2697 341 2740 1.
393 2695 565 2739 Horum
600 2697 846 2752 pleonasmi
883 2697 1055 2738 faciunt
1094 2696 1150 2738 ad
1195 2695 1575 2751 perspicuitatem.
1633 2690 1754 2736 Nam

241 2758 333 2800 vim
353 2756 535 2798 eandem
556 2756 735 2803 habent,
762 2767 893 2807 quam
913 2755 1058 2808 ipsum
1078 2766 1319 2809 pronomen
1334 2753 1465 2800 αὐτὸς,
1494 2755 1571 2800 aut
1591 2750 1757 2806 signifi·

242 2818 363 2863 cant,
394 2814 578 2856 eundem
616 2814 758 2854 locum
794 2812 923 2854 modo
956 2812 1099 2854 fuisse
1119 2814 1521 2854 commemoratum,
1559 2813 1757 2850 monent-

243 2886 329 2927 que
349 2873 570 2919 lectorem,
606 2883 660 2912 ne
681 2871 820 2912 oculis
850 2870 1008 2911 mentis
1029 2870 1085 2912 ab
1106 2883 1159 2911 eo
1189 2870 1374 2911 aberret.
1435 2866 1487 2908 Il.
1521 2864 1571 2908 B.
1593 2866 1694 2908 236.
1719 2880 1754 2908 5.

245 2930 347 2981 τόνδε
380 2930 417 2973 δ’
453 2931 575 2981 ἐῶμεν
594 2931 713 2976 αὐτοῦ
735 2927 784 2974 ἐνὶ
819 2925 942 2985 Τροίῃ
962 2930 1057 2985 γέρα
1081 2944 1133 2971 ωε
1138 2930 1294 2987 σσέμενι
1325 2926 1434 2972 hunc
1453 2937 1548 2972 vero
1566 2922 1759 2978 sinamus
