<?xml version="1.0" encoding="UTF-8"?>
<!DOCTYPE html PUBLIC "-//W3C//DTD XHTML 1.0 Transitional//EN"
    "http://www.w3.org/TR/xhtml1/DTD/xhtml1-transitional.dtd">
<html xmlns="http://www.w3.org/1999/xhtml" xml:lang="en" lang="en">
 <head>
  <title>
</title>
<meta http-equiv="Content-Type" content="text/html;charset=utf-8" />
  <meta name='ocr-system' content='tesseract 3.04.00' />
  <meta name='ocr-capabilities' content='ocr_page ocr_carea ocr_par ocr_line ocrx_word'/>
</head>
<body>
  <div class='ocr_page' id='page_1' title='image "./ellipsesgraecaec00bosluoft_0671.png"; bbox 0 0 1838 3164; ppageno 0'>
   <div class='ocr_carea' id='block_1_1' title="bbox 587 85 1662 155">
    <p class='ocr_par' dir='ltr' id='par_1_1' title="bbox 587 85 1662 155">
     <span class='ocr_line' id='line_1_1' title="bbox 587 85 1662 155; baseline -0.004 0"><span class='ocrx_word' id='word_1_1' title='bbox 587 85 901 155; x_wconf 63' lang='lat' dir='ltr'><strong>PLfioNAsm</strong></span> <span class='ocrx_word' id='word_1_2' title='bbox 928 102 1251 150; x_wconf 69' lang='lat' dir='ltr'><strong>vannomm.</strong></span> <span class='ocrx_word' id='word_1_3' title='bbox 1605 108 1662 151; x_wconf 80' lang='lat'><strong>65</strong></span> 
     </span>
    </p>
   </div>
   <div class='ocr_carea' id='block_1_2' title="bbox 155 221 1676 968">
    <p class='ocr_par' dir='ltr' id='par_1_2' title="bbox 155 221 1676 954">
     <span class='ocr_line' id='line_1_2' title="bbox 162 221 1659 284; baseline -0.003 -15"><span class='ocrx_word' id='word_1_4' title='bbox 162 243 256 269; x_wconf 69' lang='lat' dir='ltr'><strong>nvos</strong></span> <span class='ocrx_word' id='word_1_5' title='bbox 277 228 507 277; x_wconf 68' lang='grc' dir='ltr'><strong>,ἐπιβουλῆς</strong></span> <span class='ocrx_word' id='word_1_6' title='bbox 545 228 615 284; x_wconf 73' lang='grc' dir='ltr'><strong>ζῇν</strong></span> <span class='ocrx_word' id='word_1_7' title='bbox 647 224 904 280; x_wconf 46' lang='lat' dir='ltr'><strong>&amp;simpron</strong></span> <span class='ocrx_word' id='word_1_8' title='bbox 933 221 1057 264; x_wconf 71' lang='grc' dir='ltr'>πολὺν</span> <span class='ocrx_word' id='word_1_9' title='bbox 1088 222 1249 276; x_wconf 81' lang='grc' dir='ltr'>χρόνον;</span> <span class='ocrx_word' id='word_1_10' title='bbox 1291 224 1580 281; x_wconf 57' lang='grc' dir='ltr'>ἐπιβαλλομένου</span> <span class='ocrx_word' id='word_1_11' title='bbox 1617 224 1659 267; x_wconf 73' lang='grc' dir='ltr'><strong>δὲ</strong></span> 
     </span>
     <span class='ocr_line' id='line_1_3' title="bbox 161 277 1676 341; baseline -0.003 -14"><span class='ocrx_word' id='word_1_12' title='bbox 161 289 292 327; x_wconf 63' lang='grc' dir='ltr'>ταῦτα</span> <span class='ocrx_word' id='word_1_13' title='bbox 307 287 508 341; x_wconf 72' lang='grc' dir='ltr'>πράττειν,</span> <span class='ocrx_word' id='word_1_14' title='bbox 530 288 573 326; x_wconf 81' lang='grc' dir='ltr'><strong>οὔ</strong></span> <span class='ocrx_word' id='word_1_15' title='bbox 600 283 841 337; x_wconf 65' lang='grc' dir='ltr'><strong>καθυστερεῖν</strong></span> <span class='ocrx_word' id='word_1_16' title='bbox 869 280 1070 322; x_wconf 51' lang='lat' dir='ltr'><strong>Sanina?</strong></span> <span class='ocrx_word' id='word_1_17' title='bbox 1100 277 1151 320; x_wconf 90' lang='lat' dir='ltr'><strong>In</strong></span> <span class='ocrx_word' id='word_1_18' title='bbox 1180 279 1248 320; x_wconf 86' lang='lat' dir='ltr'><strong>his</strong></span> <span class='ocrx_word' id='word_1_19' title='bbox 1285 281 1380 320; x_wconf 81' lang='lat' dir='ltr'><strong>sine</strong></span> <span class='ocrx_word' id='word_1_20' title='bbox 1410 281 1544 322; x_wconf 87' lang='lat' dir='ltr'><strong>dubio</strong></span> <span class='ocrx_word' id='word_1_21' title='bbox 1578 283 1676 323; x_wconf 60' lang='grc' dir='ltr'><strong>ἐπι·Υ</strong></span> 
     </span>
     <span class='ocr_line' id='line_1_4' title="bbox 159 336 1658 399; baseline -0.005 -15"><span class='ocrx_word' id='word_1_22' title='bbox 159 344 388 399; x_wconf 58' lang='grc' dir='ltr'><strong>βαλλομένου</strong></span> <span class='ocrx_word' id='word_1_23' title='bbox 417 344 602 397; x_wconf 69' lang='grc' dir='ltr'><strong>πράττειν</strong></span> <span class='ocrx_word' id='word_1_24' title='bbox 627 345 700 387; x_wconf 60' lang='lat' dir='ltr'><strong>eet</strong></span> <span class='ocrx_word' id='word_1_25' title='bbox 730 341 762 380; x_wconf 86' lang='lat' dir='ltr'><strong>i.</strong></span> <span class='ocrx_word' id='word_1_26' title='bbox 780 354 824 393; x_wconf 88' lang='lat' dir='ltr'><strong>q.</strong></span> <span class='ocrx_word' id='word_1_27' title='bbox 854 340 1081 394; x_wconf 66' lang='grc' dir='ltr'>πράττοντι,</span> <span class='ocrx_word' id='word_1_28' title='bbox 1111 336 1231 389; x_wconf 89' lang='lat' dir='ltr'><strong>quod</strong></span> <span class='ocrx_word' id='word_1_29' title='bbox 1250 340 1296 378; x_wconf 85' lang='lat' dir='ltr'><strong>et</strong></span> <span class='ocrx_word' id='word_1_30' title='bbox 1316 349 1340 376; x_wconf 87' lang='lat' dir='ltr'><strong>e</strong></span> <span class='ocrx_word' id='word_1_31' title='bbox 1359 349 1482 390; x_wconf 85' lang='lat' dir='ltr'><strong>seqq.</strong></span> <span class='ocrx_word' id='word_1_32' title='bbox 1516 341 1658 392; x_wconf 75' lang='lat' dir='ltr'><strong>magis</strong></span> 
     </span>
     <span class='ocr_line' id='line_1_5' title="bbox 161 390 1659 453; baseline -0.005 -11"><span class='ocrx_word' id='word_1_33' title='bbox 161 404 296 453; x_wconf 71' lang='lat' dir='ltr'><strong>patet.</strong></span> <span class='ocrx_word' id='word_1_34' title='bbox 357 399 536 452; x_wconf 85' lang='lat' dir='ltr'>Dionys.</span> <span class='ocrx_word' id='word_1_35' title='bbox 569 396 671 439; x_wconf 82' lang='lat' dir='ltr'><strong>Hal.</strong></span> <span class='ocrx_word' id='word_1_36' title='bbox 703 396 916 438; x_wconf 82' lang='lat' dir='ltr'><strong>Arehaeol.</strong></span> <span class='ocrx_word' id='word_1_37' title='bbox 950 395 1007 436; x_wconf 82' lang='lat' dir='ltr'><strong>vi.</strong></span> <span class='ocrx_word' id='word_1_38' title='bbox 1041 406 1083 448; x_wconf 87' lang='lat' dir='ltr'><strong>p.</strong></span> <span class='ocrx_word' id='word_1_39' title='bbox 1122 390 1223 434; x_wconf 88' lang='grc'><strong>403.</strong></span> <span class='ocrx_word' id='word_1_40' title='bbox 1281 391 1587 442; x_wconf 71' lang='grc' dir='ltr'><strong>Ἐπιβαλόμενος</strong></span> <span class='ocrx_word' id='word_1_41' title='bbox 1619 395 1659 438; x_wconf 71' lang='grc' dir='ltr'><strong>δὲ</strong></span> 
     </span>
     <span class='ocr_line' id='line_1_6' title="bbox 162 449 1661 511; baseline -0.003 -15"><span class='ocrx_word' id='word_1_42' title='bbox 162 453 250 496; x_wconf 76' lang='grc' dir='ltr'><strong>τοὺς</strong></span> <span class='ocrx_word' id='word_1_43' title='bbox 266 456 354 511; x_wconf 69' lang='grc' dir='ltr'><strong>περὶ</strong></span> <span class='ocrx_word' id='word_1_44' title='bbox 389 461 455 498; x_wconf 79' lang='grc' dir='ltr'><strong>τοῦ</strong></span> <span class='ocrx_word' id='word_1_45' title='bbox 487 457 628 498; x_wconf 79' lang='grc' dir='ltr'><strong><em>δικαίου</em></strong></span> <span class='ocrx_word' id='word_1_46' title='bbox 654 452 839 497; x_wconf 60' lang='grc' dir='ltr'>ποιεῖσθαι</span> <span class='ocrx_word' id='word_1_47' title='bbox 862 455 1014 502; x_wconf 71' lang='grc' dir='ltr'>λόγους,</span> <span class='ocrx_word' id='word_1_48' title='bbox 1042 449 1104 490; x_wconf 78' lang='grc' dir='ltr'><strong>καὶ</strong></span> <span class='ocrx_word' id='word_1_49' title='bbox 1133 450 1186 490; x_wconf 71' lang='grc' dir='ltr'><strong>τὰ</strong></span> <span class='ocrx_word' id='word_1_50' title='bbox 1215 451 1286 498; x_wconf 82' lang='grc' dir='ltr'><strong>μὲν</strong></span> <span class='ocrx_word' id='word_1_51' title='bbox 1320 454 1398 491; x_wconf 79' lang='grc' dir='ltr'><strong>τοῖς</strong></span> <span class='ocrx_word' id='word_1_52' title='bbox 1423 450 1661 492; x_wconf 72' lang='grc' dir='ltr'><strong>δανειστικοῖς</strong></span> 
     </span>
     <span class='ocr_line' id='line_1_7' title="bbox 159 508 1661 561; baseline -0.003 -6"><span class='ocrx_word' id='word_1_53' title='bbox 159 512 335 560; x_wconf 68' lang='grc' dir='ltr'>ἐγκαλῶν</span> <span class='ocrx_word' id='word_1_54' title='bbox 367 518 451 556; x_wconf 88' lang='lat' dir='ltr'><strong>etc.</strong></span> <span class='ocrx_word' id='word_1_55' title='bbox 518 512 620 555; x_wconf 90' lang='lat' dir='ltr'><strong>Non</strong></span> <span class='ocrx_word' id='word_1_56' title='bbox 652 512 783 553; x_wconf 72' lang='lat' dir='ltr'><strong>&#39;modo</strong></span> <span class='ocrx_word' id='word_1_57' title='bbox 812 516 996 552; x_wconf 84' lang='lat' dir='ltr'><strong>conatus</strong></span> <span class='ocrx_word' id='word_1_58' title='bbox 1026 508 1092 550; x_wconf 87' lang='lat' dir='ltr'><strong>vel</strong></span> <span class='ocrx_word' id='word_1_59' title='bbox 1127 520 1362 561; x_wconf 84' lang='lat' dir='ltr'>aggressus</span> <span class='ocrx_word' id='word_1_60' title='bbox 1397 508 1472 550; x_wconf 87' lang='lat' dir='ltr'><strong>ille</strong></span> <span class='ocrx_word' id='word_1_61' title='bbox 1508 512 1575 550; x_wconf 86' lang='lat' dir='ltr'><strong>est</strong></span> <span class='ocrx_word' id='word_1_62' title='bbox 1606 509 1661 550; x_wconf 91' lang='lat' dir='ltr'><strong>de</strong></span> 
     </span>
     <span class='ocr_line' id='line_1_8' title="bbox 155 565 1663 623; baseline -0.005 -10"><span class='ocrx_word' id='word_1_63' title='bbox 155 568 334 621; x_wconf 78' lang='lat' dir='ltr'><strong>justitia</strong></span> <span class='ocrx_word' id='word_1_64' title='bbox 352 574 396 612; x_wconf 86' lang='lat' dir='ltr'><strong>et</strong></span> <span class='ocrx_word' id='word_1_65' title='bbox 425 572 634 623; x_wconf 85' lang='lat' dir='ltr'><strong>aequitate</strong></span> <span class='ocrx_word' id='word_1_66' title='bbox 661 571 819 616; x_wconf 81' lang='lat' dir='ltr'>dicere,</span> <span class='ocrx_word' id='word_1_67' title='bbox 842 569 916 609; x_wconf 86' lang='lat' dir='ltr'><strong>sed</strong></span> <span class='ocrx_word' id='word_1_68' title='bbox 945 579 991 608; x_wconf 87' lang='lat' dir='ltr'><strong>re</strong></span> <span class='ocrx_word' id='word_1_69' title='bbox 1025 567 1123 620; x_wconf 83' lang='lat' dir='ltr'><strong>ipsa</strong></span> <span class='ocrx_word' id='word_1_70' title='bbox 1141 565 1266 614; x_wconf 88' lang='lat' dir='ltr'><strong>dicit,</strong></span> <span class='ocrx_word' id='word_1_71' title='bbox 1286 565 1401 618; x_wconf 91' lang='lat' dir='ltr'><strong>quod</strong></span> <span class='ocrx_word' id='word_1_72' title='bbox 1421 567 1487 608; x_wconf 87' lang='lat' dir='ltr'><strong>vel</strong></span> <span class='ocrx_word' id='word_1_73' title='bbox 1509 578 1565 607; x_wconf 86' lang='lat' dir='ltr'><strong>ex</strong></span> <span class='ocrx_word' id='word_1_74' title='bbox 1593 566 1663 607; x_wconf 86' lang='lat' dir='ltr'><strong>his</strong></span> 
     </span>
     <span class='ocr_line' id='line_1_9' title="bbox 159 621 1663 680; baseline -0.005 -9"><span class='ocrx_word' id='word_1_75' title='bbox 159 628 321 680; x_wconf 68' lang='lat' dir='ltr'><strong>paucis</strong></span> <span class='ocrx_word' id='word_1_76' title='bbox 331 629 565 680; x_wconf 82' lang='lat' dir='ltr'><strong>intelligas,</strong></span> <span class='ocrx_word' id='word_1_77' title='bbox 584 641 683 668; x_wconf 90' lang='lat' dir='ltr'><strong>cum</strong></span> <span class='ocrx_word' id='word_1_78' title='bbox 704 627 987 667; x_wconf 85' lang='lat' dir='ltr'><strong>foeueratores</strong></span> <span class='ocrx_word' id='word_1_79' title='bbox 1006 623 1288 664; x_wconf 82' lang='lat' dir='ltr'><strong>accusaverit.</strong></span> <span class='ocrx_word' id='word_1_80' title='bbox 1348 621 1510 665; x_wconf 85' lang='lat' dir='ltr'><strong>Eodem</strong></span> <span class='ocrx_word' id='word_1_81' title='bbox 1534 623 1663 665; x_wconf 89' lang='lat' dir='ltr'><strong>modo</strong></span> 
     </span>
     <span class='ocr_line' id='line_1_10' title="bbox 159 677 1664 739; baseline -0.004 -13"><span class='ocrx_word' id='word_1_82' title='bbox 159 683 268 732; x_wconf 81' lang='lat' dir='ltr'><strong>dicit</strong></span> <span class='ocrx_word' id='word_1_83' title='bbox 283 684 332 726; x_wconf 83' lang='lat' dir='ltr'><strong>in</strong></span> <span class='ocrx_word' id='word_1_84' title='bbox 349 697 419 739; x_wconf 88' lang='lat' dir='ltr'><strong>ep.</strong></span> <span class='ocrx_word' id='word_1_85' title='bbox 440 687 497 725; x_wconf 88' lang='lat' dir='ltr'><strong>ad</strong></span> <span class='ocrx_word' id='word_1_86' title='bbox 516 683 772 738; x_wconf 88' lang='lat' dir='ltr'><strong>Pompeium</strong></span> <span class='ocrx_word' id='word_1_87' title='bbox 792 684 877 724; x_wconf 83' lang='lat' dir='ltr'><strong>vol.</strong></span> <span class='ocrx_word' id='word_1_88' title='bbox 899 683 942 724; x_wconf 87' lang='lat' dir='ltr'><strong>ii.</strong></span> <span class='ocrx_word' id='word_1_89' title='bbox 964 695 1009 735; x_wconf 80' lang='lat' dir='ltr'><strong>p.</strong></span> <span class='ocrx_word' id='word_1_90' title='bbox 1045 678 1137 722; x_wconf 82' lang='lat'><strong>126.</strong></span> <span class='ocrx_word' id='word_1_91' title='bbox 1173 680 1254 722; x_wconf 87' lang='lat' dir='ltr'><strong>inf.</strong></span> <span class='ocrx_word' id='word_1_92' title='bbox 1287 677 1390 721; x_wconf 68' lang='grc' dir='ltr'><strong>Οὐδ’</strong></span> <span class='ocrx_word' id='word_1_93' title='bbox 1419 679 1462 721; x_wconf 78' lang='grc' dir='ltr'><strong>ἄν</strong></span> <span class='ocrx_word' id='word_1_94' title='bbox 1492 698 1549 721; x_wconf 82' lang='grc' dir='ltr'><strong>τις</strong></span> <span class='ocrx_word' id='word_1_95' title='bbox 1578 681 1664 734; x_wconf 77' lang='grc' dir='ltr'>’ἔχοι</span> 
     </span>
     <span class='ocr_line' id='line_1_11' title="bbox 157 737 1663 794; baseline -0.003 -11"><span class='ocrx_word' id='word_1_96' title='bbox 157 741 248 783; x_wconf 70' lang='grc' dir='ltr'><strong>κατ’</strong></span> <span class='ocrx_word' id='word_1_97' title='bbox 273 740 368 793; x_wconf 57' lang='lat' dir='ltr'><strong>obri?</strong></span> <span class='ocrx_word' id='word_1_98' title='bbox 391 746 503 783; x_wconf 81' lang='grc' dir='ltr'>τοῦτο</span> <span class='ocrx_word' id='word_1_99' title='bbox 522 740 768 790; x_wconf 63' lang='grc' dir='ltr'>μέμψασθαί</span> <span class='ocrx_word' id='word_1_100' title='bbox 784 758 835 789; x_wconf 86' lang='grc' dir='ltr'><strong>με</strong></span> <span class='ocrx_word' id='word_1_101' title='bbox 867 739 911 780; x_wconf 79' lang='grc' dir='ltr'><strong>τὸ</strong></span> <span class='ocrx_word' id='word_1_102' title='bbox 940 741 1066 794; x_wconf 82' lang='grc' dir='ltr'><strong><em>μέρος,</em></strong></span> <span class='ocrx_word' id='word_1_103' title='bbox 1083 737 1139 778; x_wconf 77' lang='grc' dir='ltr'><strong>ὅτι</strong></span> <span class='ocrx_word' id='word_1_104' title='bbox 1167 737 1230 779; x_wconf 74' lang='grc' dir='ltr'><strong>τὸν</strong></span> <span class='ocrx_word' id='word_1_105' title='bbox 1261 739 1554 790; x_wconf 72' lang='grc' dir='ltr'>ἐπιφανέστατον</span> <span class='ocrx_word' id='word_1_106' title='bbox 1588 743 1663 779; x_wconf 71' lang='grc' dir='ltr'><strong>τῶν</strong></span> 
     </span>
     <span class='ocr_line' id='line_1_12' title="bbox 158 793 1666 854; baseline -0.001 -16"><span class='ocrx_word' id='word_1_107' title='bbox 158 798 365 850; x_wconf 81' lang='grc' dir='ltr'>φιλοσόφων</span> <span class='ocrx_word' id='word_1_108' title='bbox 380 796 644 854; x_wconf 85' lang='lat' dir='ltr'>(Platonem)</span> <span class='ocrx_word' id='word_1_109' title='bbox 671 798 855 851; x_wconf 77' lang='grc' dir='ltr'>ἐξετάζειν</span> <span class='ocrx_word' id='word_1_110' title='bbox 876 796 1138 844; x_wconf 69' lang='grc' dir='ltr'>ἐπεβαλόμην,</span> <span class='ocrx_word' id='word_1_111' title='bbox 1174 797 1223 836; x_wconf 76' lang='grc' dir='ltr'><strong>ὡς</strong></span> <span class='ocrx_word' id='word_1_112' title='bbox 1250 793 1298 837; x_wconf 70' lang='grc' dir='ltr'><strong>δὴ</strong></span> <span class='ocrx_word' id='word_1_113' title='bbox 1330 794 1391 846; x_wconf 68' lang='grc' dir='ltr'><strong>διαὶ</strong></span> <span class='ocrx_word' id='word_1_114' title='bbox 1421 800 1534 837; x_wconf 76' lang='grc' dir='ltr'>τοῦτο</span> <span class='ocrx_word' id='word_1_115' title='bbox 1554 793 1666 844; x_wconf 72' lang='grc' dir='ltr'><strong>δόξης</strong></span> 
     </span>
     <span class='ocr_line' id='line_1_13' title="bbox 158 850 1664 954; baseline -0.002 -60"><span class='ocrx_word' id='word_1_116' title='bbox 158 853 507 954; x_wconf 56' lang='grc' dir='ltr'><strong>ἷινῗθτευξόμενος,</strong></span> <span class='ocrx_word' id='word_1_117' title='bbox 567 855 671 897; x_wconf 82' lang='lat' dir='ltr'><strong>Alia</strong></span> <span class='ocrx_word' id='word_1_118' title='bbox 703 857 799 897; x_wconf 77' lang='lat' dir='ltr'><strong>loca</strong></span> <span class='ocrx_word' id='word_1_119' title='bbox 828 868 853 896; x_wconf 87' lang='lat' dir='ltr'><strong>e</strong></span> <span class='ocrx_word' id='word_1_120' title='bbox 878 854 1059 907; x_wconf 83' lang='lat' dir='ltr'>Polybio</span> <span class='ocrx_word' id='word_1_121' title='bbox 1092 850 1319 895; x_wconf 79' lang='lat' dir='ltr'><strong>Fischerus</strong></span> <span class='ocrx_word' id='word_1_122' title='bbox 1350 853 1397 894; x_wconf 80' lang='lat' dir='ltr'><strong>in</strong></span> <span class='ocrx_word' id='word_1_123' title='bbox 1430 851 1664 896; x_wconf 74' lang='lat' dir='ltr'><strong>Animadv-</strong></span> 
     </span>
    </p>

    <p class='ocr_par' dir='ltr' id='par_1_3' title="bbox 189 911 595 968">
     <span class='ocr_line' id='line_1_14' title="bbox 189 911 595 968; baseline 0.01 -17"><span class='ocrx_word' id='word_1_124' title='bbox 189 923 218 952; x_wconf 72' lang='lat' dir='ltr'><strong>a</strong></span> <span class='ocrx_word' id='word_1_125' title='bbox 273 915 292 952; x_wconf 88' lang='lat' dir='ltr'><strong>t</strong></span> <span class='ocrx_word' id='word_1_126' title='bbox 309 912 376 954; x_wconf 85' lang='lat' dir='ltr'><strong>iii.</strong></span> <span class='ocrx_word' id='word_1_127' title='bbox 398 914 439 954; x_wconf 94' lang='lat' dir='ltr'><strong>b.</strong></span> <span class='ocrx_word' id='word_1_128' title='bbox 462 927 504 968; x_wconf 85' lang='lat' dir='ltr'><strong>p.</strong></span> <span class='ocrx_word' id='word_1_129' title='bbox 522 911 595 955; x_wconf 86' lang='grc'><strong>43.</strong></span> 
     </span>
    </p>
   </div>
   <div class='ocr_carea' id='block_1_3' title="bbox 718 990 1104 1036">
    <p class='ocr_par' dir='ltr' id='par_1_4' title="bbox 718 990 1104 1036">
     <span class='ocr_line' id='line_1_15' title="bbox 718 990 1104 1036; baseline -0.016 1"><span class='ocrx_word' id='word_1_130' title='bbox 718 990 1104 1036; x_wconf 88' lang='grc' dir='ltr'><strong>ΕΠΙΧΕΙΡΕΙΝ.</strong></span> 
     </span>
    </p>
   </div>
   <div class='ocr_carea' id='block_1_4' title="bbox 153 1072 1675 1816">
    <p class='ocr_par' dir='ltr' id='par_1_5' title="bbox 208 1072 1669 1132">
     <span class='ocr_line' id='line_1_16' title="bbox 208 1072 1669 1132; baseline -0.003 -11"><span class='ocrx_word' id='word_1_131' title='bbox 208 1075 379 1130; x_wconf 17' lang='lat' dir='ltr'><strong>VPrima</strong></span> <span class='ocrx_word' id='word_1_132' title='bbox 418 1078 549 1132; x_wconf 87' lang='lat' dir='ltr'><strong>hujus</strong></span> <span class='ocrx_word' id='word_1_133' title='bbox 581 1091 620 1120; x_wconf 86' lang='lat' dir='ltr'><strong>v.</strong></span> <span class='ocrx_word' id='word_1_134' title='bbox 656 1075 920 1131; x_wconf 82' lang='lat' dir='ltr'><strong>significatio</strong></span> <span class='ocrx_word' id='word_1_135' title='bbox 953 1078 1021 1116; x_wconf 91' lang='lat' dir='ltr'><strong>est</strong></span> <span class='ocrx_word' id='word_1_136' title='bbox 1050 1086 1222 1115; x_wconf 79' lang='lat' dir='ltr'><strong>manum</strong></span> <span class='ocrx_word' id='word_1_137' title='bbox 1262 1072 1382 1130; x_wconf 82' lang='lat' dir='ltr'><strong>operi</strong></span> <span class='ocrx_word' id='word_1_138' title='bbox 1419 1073 1669 1116; x_wconf 78' lang='lat' dir='ltr'><strong>admovere.-</strong></span> 
     </span>
    </p>

    <p class='ocr_par' dir='ltr' id='par_1_6' title="bbox 153 1129 1675 1816">
     <span class='ocr_line' id='line_1_17' title="bbox 212 1129 1665 1188; baseline -0.003 -11"><span class='ocrx_word' id='word_1_139' title='bbox 212 1137 375 1183; x_wconf 84' lang='lat' dir='ltr'><strong>oxima‚</strong></span> <span class='ocrx_word' id='word_1_140' title='bbox 406 1135 562 1178; x_wconf 78' lang='lat' dir='ltr'><strong>conari.</strong></span> <span class='ocrx_word' id='word_1_141' title='bbox 624 1133 771 1188; x_wconf 84' lang='lat' dir='ltr'><strong>Hujus</strong></span> <span class='ocrx_word' id='word_1_142' title='bbox 797 1132 997 1186; x_wconf 78' lang='lat' dir='ltr'><strong>exempla</strong></span> <span class='ocrx_word' id='word_1_143' title='bbox 1016 1138 1120 1174; x_wconf 90' lang='lat' dir='ltr'><strong>sunt</strong></span> <span class='ocrx_word' id='word_1_144' title='bbox 1150 1129 1307 1173; x_wconf 81' lang='lat' dir='ltr'><strong>Galen.</strong></span> <span class='ocrx_word' id='word_1_145' title='bbox 1342 1130 1394 1172; x_wconf 80' lang='lat' dir='ltr'><strong>de</strong></span> <span class='ocrx_word' id='word_1_146' title='bbox 1421 1144 1502 1174; x_wconf 80' lang='lat' dir='ltr'><strong>usu</strong></span> <span class='ocrx_word' id='word_1_147' title='bbox 1527 1136 1665 1188; x_wconf 73' lang='lat' dir='ltr'><strong>par-tt.</strong></span> 
     </span>
     <span class='ocr_line' id='line_1_18' title="bbox 157 1147 1675 1246; baseline -0.003 -12"><span class='ocrx_word' id='word_1_148' title='bbox 157 1147 212 1232; x_wconf 48' lang='lat' dir='ltr'><strong>gl:</strong></span> <span class='ocrx_word' id='word_1_149' title='bbox 243 1191 280 1234; x_wconf 87' lang='lat' dir='ltr'><strong>l.</strong></span> <span class='ocrx_word' id='word_1_150' title='bbox 312 1196 434 1235; x_wconf 64' lang='lat' dir='ltr'><strong>extr.&gt;</strong></span> <span class='ocrx_word' id='word_1_151' title='bbox 485 1193 671 1234; x_wconf 65' lang='grc' dir='ltr'>Ἀπέσας</span> <span class='ocrx_word' id='word_1_152' title='bbox 703 1194 772 1241; x_wconf 82' lang='grc' dir='ltr'><strong>μὲν</strong></span> <span class='ocrx_word' id='word_1_153' title='bbox 803 1191 880 1246; x_wconf 69' lang='grc' dir='ltr'><em>«γὰρ,</em></span> <span class='ocrx_word' id='word_1_154' title='bbox 911 1189 983 1230; x_wconf 65' lang='grc' dir='ltr'><strong>τὰς</strong></span> <span class='ocrx_word' id='word_1_155' title='bbox 1015 1187 1267 1243; x_wconf 61' lang='grc' dir='ltr'><strong>ἀνθρωπείως</strong></span> <span class='ocrx_word' id='word_1_156' title='bbox 1295 1187 1453 1243; x_wconf 68' lang='grc' dir='ltr'><strong><em>πράξεις</em></strong></span> <span class='ocrx_word' id='word_1_157' title='bbox 1487 1186 1675 1245; x_wconf 58' lang='grc' dir='ltr'>ἐπιχειρεῖ</span> 
     </span>
     <span class='ocr_line' id='line_1_19' title="bbox 156 1244 1669 1302; baseline -0.001 -12"><span class='ocrx_word' id='word_1_158' title='bbox 156 1248 374 1297; x_wconf 63' lang='grc' dir='ltr'><strong>μιμεῖσθαι.</strong></span> <span class='ocrx_word' id='word_1_159' title='bbox 414 1251 506 1292; x_wconf 88' lang='lat' dir='ltr'><strong>scil.</strong></span> <span class='ocrx_word' id='word_1_160' title='bbox 542 1252 559 1290; x_wconf 82' lang='grc' dir='ltr'><strong>ὅ</strong></span> <span class='ocrx_word' id='word_1_161' title='bbox 589 1248 775 1295; x_wconf 64' lang='grc' dir='ltr'><strong>πίθηκος,</strong></span> <span class='ocrx_word' id='word_1_162' title='bbox 819 1246 962 1290; x_wconf 76' lang='lat' dir='ltr'><strong>studet</strong></span> <span class='ocrx_word' id='word_1_163' title='bbox 990 1245 1233 1288; x_wconf 78' lang='lat' dir='ltr'><em>imitatione</em></span> <span class='ocrx_word' id='word_1_164' title='bbox 1267 1244 1453 1302; x_wconf 77' lang='lat' dir='ltr'><strong>assequi,</strong></span> <span class='ocrx_word' id='word_1_165' title='bbox 1490 1252 1669 1288; x_wconf 83' lang='lat' dir='ltr'><strong>conatur</strong></span> 
     </span>
     <span class='ocr_line' id='line_1_20' title="bbox 156 1301 1669 1362; baseline -0.002 -13"><span class='ocrx_word' id='word_1_166' title='bbox 156 1305 405 1362; x_wconf 62' lang='lat' dir='ltr'><strong>exprimere.</strong></span> <span class='ocrx_word' id='word_1_167' title='bbox 486 1305 686 1362; x_wconf 87' lang='lat' dir='ltr'><strong>Xenoph.</strong></span> <span class='ocrx_word' id='word_1_168' title='bbox 724 1303 821 1347; x_wconf 86' lang='lat' dir='ltr'><strong>OEc.</strong></span> <span class='ocrx_word' id='word_1_169' title='bbox 855 1318 900 1346; x_wconf 83' lang='lat' dir='ltr'><strong>x.</strong></span> <span class='ocrx_word' id='word_1_170' title='bbox 942 1302 984 1344; x_wconf 88' lang='grc'><strong>8.</strong></span> <span class='ocrx_word' id='word_1_171' title='bbox 1017 1334 1028 1343; x_wconf 92' lang='grc'><strong>.</strong></span> <span class='ocrx_word' id='word_1_172' title='bbox 1052 1335 1062 1344; x_wconf 88' lang='grc'><strong>.</strong></span> <span class='ocrx_word' id='word_1_173' title='bbox 1088 1334 1098 1343; x_wconf 92' lang='grc'><strong>.</strong></span> <span class='ocrx_word' id='word_1_174' title='bbox 1144 1305 1292 1351; x_wconf 66' lang='grc' dir='ltr'>ἀνάγκη</span> <span class='ocrx_word' id='word_1_175' title='bbox 1332 1301 1575 1351; x_wconf 67' lang='grc' dir='ltr'>ἁλίσκεσθαι,</span> <span class='ocrx_word' id='word_1_176' title='bbox 1624 1302 1669 1346; x_wconf 71' lang='grc' dir='ltr'><strong>ἂν</strong></span> 
     </span>
     <span class='ocr_line' id='line_1_21' title="bbox 155 1359 1670 1418; baseline -0.001 -14"><span class='ocrx_word' id='word_1_177' title='bbox 155 1363 390 1418; x_wconf 62' lang='grc' dir='ltr'><strong>ἐπιχειρῶσιν</strong></span> <span class='ocrx_word' id='word_1_178' title='bbox 420 1362 618 1417; x_wconf 73' lang='grc' dir='ltr'>ἐξαπατᾷν</span> <span class='ocrx_word' id='word_1_179' title='bbox 639 1364 852 1407; x_wconf 77' lang='grc' dir='ltr'>ἀλλήλους.</span> <span class='ocrx_word' id='word_1_180' title='bbox 914 1359 999 1401; x_wconf 83' lang='lat' dir='ltr'><strong>Sed</strong></span> <span class='ocrx_word' id='word_1_181' title='bbox 1031 1360 1139 1401; x_wconf 81' lang='lat' dir='ltr'><strong>alibi</strong></span> <span class='ocrx_word' id='word_1_182' title='bbox 1176 1373 1263 1400; x_wconf 89' lang='lat' dir='ltr'><strong>non</strong></span> <span class='ocrx_word' id='word_1_183' title='bbox 1299 1361 1437 1402; x_wconf 80' lang='lat' dir='ltr'><strong>solum</strong></span> <span class='ocrx_word' id='word_1_184' title='bbox 1472 1366 1670 1402; x_wconf 73' lang='lat' dir='ltr'><strong>conatum</strong></span> 
     </span>
     <span class='ocr_line' id='line_1_22' title="bbox 153 1414 1667 1476; baseline -0.002 -15"><span class='ocrx_word' id='word_1_185' title='bbox 153 1425 233 1463; x_wconf 81' lang='lat' dir='ltr'><strong>aut</strong></span> <span class='ocrx_word' id='word_1_186' title='bbox 250 1419 462 1476; x_wconf 79' lang='lat' dir='ltr'><strong>inceptum</strong></span> <span class='ocrx_word' id='word_1_187' title='bbox 489 1420 722 1474; x_wconf 84' lang='lat' dir='ltr'><strong>significat,</strong></span> <span class='ocrx_word' id='word_1_188' title='bbox 745 1419 820 1461; x_wconf 87' lang='lat' dir='ltr'><strong>sed</strong></span> <span class='ocrx_word' id='word_1_189' title='bbox 853 1415 1066 1459; x_wconf 73' lang='lat' dir='ltr'><strong>actionem</strong></span> <span class='ocrx_word' id='word_1_190' title='bbox 1095 1414 1330 1458; x_wconf 82' lang='lat' dir='ltr'><em>absolutam</em></span> <span class='ocrx_word' id='word_1_191' title='bbox 1364 1422 1406 1457; x_wconf 84' lang='lat' dir='ltr'><strong>et</strong></span> <span class='ocrx_word' id='word_1_192' title='bbox 1417 1415 1667 1473; x_wconf 80' lang='lat' dir='ltr'><strong><em>perfectam,</em></strong></span> 
     </span>
     <span class='ocr_line' id='line_1_23' title="bbox 154 1474 1669 1532; baseline -0.002 -13"><span class='ocrx_word' id='word_1_193' title='bbox 154 1491 252 1532; x_wconf 83' lang='lat' dir='ltr'><strong>quae</strong></span> <span class='ocrx_word' id='word_1_194' title='bbox 273 1478 491 1520; x_wconf 86' lang='lat' dir='ltr'><strong>infinitivo</strong></span> <span class='ocrx_word' id='word_1_195' title='bbox 512 1478 634 1518; x_wconf 87' lang='lat' dir='ltr'><strong>verbi</strong></span> <span class='ocrx_word' id='word_1_196' title='bbox 655 1476 851 1529; x_wconf 89' lang='lat' dir='ltr'><strong>adjuncti</strong></span> <span class='ocrx_word' id='word_1_197' title='bbox 871 1474 1140 1520; x_wconf 81' lang='lat' dir='ltr'><strong>declaratur,</strong></span> <span class='ocrx_word' id='word_1_198' title='bbox 1172 1478 1222 1514; x_wconf 89' lang='lat' dir='ltr'><strong>ut</strong></span> <span class='ocrx_word' id='word_1_199' title='bbox 1240 1474 1571 1516; x_wconf 80' lang='lat' dir='ltr'><strong>circumlocutio</strong></span> <span class='ocrx_word' id='word_1_200' title='bbox 1591 1474 1669 1516; x_wconf 86' lang='lat' dir='ltr'><strong>fiat</strong></span> 
     </span>
     <span class='ocr_line' id='line_1_24' title="bbox 154 1528 1667 1588; baseline -0.005 -12"><span class='ocrx_word' id='word_1_201' title='bbox 154 1535 423 1588; x_wconf 68' lang='grc' dir='ltr'>πλεονάζουσα.</span> <span class='ocrx_word' id='word_1_202' title='bbox 482 1533 670 1576; x_wconf 85' lang='lat' dir='ltr'>Dixerat</span> <span class='ocrx_word' id='word_1_203' title='bbox 690 1533 893 1574; x_wconf 82' lang='lat' dir='ltr'><strong>Socrates</strong></span> <span class='ocrx_word' id='word_1_204' title='bbox 928 1531 974 1571; x_wconf 90' lang='lat' dir='ltr'><strong>in</strong></span> <span class='ocrx_word' id='word_1_205' title='bbox 996 1529 1164 1584; x_wconf 82' lang='lat' dir='ltr'><strong>Gorgia</strong></span> <span class='ocrx_word' id='word_1_206' title='bbox 1199 1528 1396 1572; x_wconf 88' lang='lat' dir='ltr'><strong>Platonis</strong></span> <span class='ocrx_word' id='word_1_207' title='bbox 1418 1531 1503 1572; x_wconf 88' lang='lat' dir='ltr'><strong>vol.</strong></span> <span class='ocrx_word' id='word_1_208' title='bbox 1540 1531 1599 1572; x_wconf 84' lang='lat' dir='ltr'><strong>iv.</strong></span> <span class='ocrx_word' id='word_1_209' title='bbox 1620 1544 1667 1586; x_wconf 89' lang='lat' dir='ltr'><strong>p.</strong></span> 
     </span>
     <span class='ocr_line' id='line_1_25' title="bbox 154 1589 1661 1642; baseline -0.002 -9"><span class='ocrx_word' id='word_1_210' title='bbox 154 1590 228 1632; x_wconf 84' lang='lat'><strong>57.</strong></span> <span class='ocrx_word' id='word_1_211' title='bbox 261 1593 466 1633; x_wconf 88' lang='lat' dir='ltr'><strong>miserum</strong></span> <span class='ocrx_word' id='word_1_212' title='bbox 487 1604 578 1632; x_wconf 61' lang='lat' dir='ltr'><strong>esse</strong></span> <span class='ocrx_word' id='word_1_213' title='bbox 591 1591 813 1632; x_wconf 89' lang='lat' dir='ltr'><strong>hominem</strong></span> <span class='ocrx_word' id='word_1_214' title='bbox 831 1590 1069 1642; x_wconf 88' lang='lat' dir='ltr'><strong>injustum;</strong></span> <span class='ocrx_word' id='word_1_215' title='bbox 1102 1589 1248 1628; x_wconf 87' lang='lat' dir='ltr'><strong>minus</strong></span> <span class='ocrx_word' id='word_1_216' title='bbox 1266 1592 1415 1629; x_wconf 88' lang='lat' dir='ltr'><strong>tamen</strong></span> <span class='ocrx_word' id='word_1_217' title='bbox 1434 1590 1661 1637; x_wconf 83' lang='lat' dir='ltr'><strong>miserum,</strong></span> 
     </span>
     <span class='ocr_line' id='line_1_26' title="bbox 155 1643 1663 1703; baseline -0.003 -13"><span class='ocrx_word' id='word_1_218' title='bbox 155 1649 192 1690; x_wconf 79' lang='lat' dir='ltr'><strong>si</strong></span> <span class='ocrx_word' id='word_1_219' title='bbox 205 1661 360 1703; x_wconf 83' lang='lat' dir='ltr'><strong>poenas</strong></span> <span class='ocrx_word' id='word_1_220' title='bbox 376 1650 451 1690; x_wconf 87' lang='lat' dir='ltr'><strong>det</strong></span> <span class='ocrx_word' id='word_1_221' title='bbox 469 1649 556 1689; x_wconf 85' lang='lat' dir='ltr'><strong>diis</strong></span> <span class='ocrx_word' id='word_1_222' title='bbox 575 1653 619 1690; x_wconf 88' lang='lat' dir='ltr'><strong>et</strong></span> <span class='ocrx_word' id='word_1_223' title='bbox 641 1647 907 1688; x_wconf 88' lang='lat' dir='ltr'><strong>hominibus.</strong></span> <span class='ocrx_word' id='word_1_224' title='bbox 966 1643 1082 1685; x_wconf 89' lang='lat' dir='ltr'><strong>Tum</strong></span> <span class='ocrx_word' id='word_1_225' title='bbox 1100 1643 1230 1686; x_wconf 87' lang='lat' dir='ltr'><strong>Polus</strong></span> <span class='ocrx_word' id='word_1_226' title='bbox 1247 1657 1257 1683; x_wconf 74' lang='grc' dir='ltr'>ε</span> <span class='ocrx_word' id='word_1_227' title='bbox 1303 1643 1448 1686; x_wconf 60' lang='lat' dir='ltr'><strong>Armi</strong></span> <span class='ocrx_word' id='word_1_228' title='bbox 1465 1663 1528 1693; x_wconf 65' lang='grc' dir='ltr'><strong>«γε,</strong></span> <span class='ocrx_word' id='word_1_229' title='bbox 1551 1645 1580 1686; x_wconf 72' lang='grc' dir='ltr'><strong><em>ὦ</em></strong></span> <span class='ocrx_word' id='word_1_230' title='bbox 1594 1645 1663 1694; x_wconf 89' lang='grc' dir='ltr'><strong>Σ.,</strong></span> 
     </span>
     <span class='ocr_line' id='line_1_27' title="bbox 155 1699 1664 1761; baseline -0.003 -14"><span class='ocrx_word' id='word_1_231' title='bbox 155 1707 357 1761; x_wconf 63' lang='grc' dir='ltr'><strong><em>ἐπιχειρεῖς</em></strong></span> <span class='ocrx_word' id='word_1_232' title='bbox 374 1708 511 1754; x_wconf 72' lang='grc' dir='ltr'>λέγειν.</span> <span class='ocrx_word' id='word_1_233' title='bbox 571 1703 677 1746; x_wconf 83' lang='lat' dir='ltr'><strong>Alia</strong></span> <span class='ocrx_word' id='word_1_234' title='bbox 699 1702 948 1756; x_wconf 85' lang='lat' dir='ltr'><strong>hujusmodi</strong></span> <span class='ocrx_word' id='word_1_235' title='bbox 983 1702 1078 1742; x_wconf 78' lang='lat' dir='ltr'><strong>loca</strong></span> <span class='ocrx_word' id='word_1_236' title='bbox 1113 1701 1398 1754; x_wconf 79' lang='lat' dir='ltr'><strong>suppeditant</strong></span> <span class='ocrx_word' id='word_1_237' title='bbox 1417 1699 1664 1757; x_wconf 81' lang='lat' dir='ltr'><strong>Raphelius</strong></span> 
     </span>
     <span class='ocr_line' id='line_1_28' title="bbox 156 1757 1664 1816; baseline -0.003 -11"><span class='ocrx_word' id='word_1_238' title='bbox 156 1763 212 1805; x_wconf 82' lang='lat' dir='ltr'><strong>ad</strong></span> <span class='ocrx_word' id='word_1_239' title='bbox 229 1761 396 1815; x_wconf 85' lang='lat' dir='ltr'><strong>Evang.</strong></span> <span class='ocrx_word' id='word_1_240' title='bbox 415 1761 518 1804; x_wconf 86' lang='lat' dir='ltr'><strong>Luc.</strong></span> <span class='ocrx_word' id='word_1_241' title='bbox 543 1763 575 1804; x_wconf 90' lang='lat' dir='ltr'><strong>i.</strong></span> <span class='ocrx_word' id='word_1_242' title='bbox 607 1766 652 1803; x_wconf 92' lang='lat' dir='ltr'><strong>et</strong></span> <span class='ocrx_word' id='word_1_243' title='bbox 671 1760 850 1803; x_wconf 85' lang='lat' dir='ltr'><strong>Fischer</strong></span> <span class='ocrx_word' id='word_1_244' title='bbox 868 1761 898 1801; x_wconf 86' lang='lat'><strong>1.</strong></span> <span class='ocrx_word' id='word_1_245' title='bbox 914 1761 943 1801; x_wconf 91' lang='lat' dir='ltr'><strong>l.</strong></span> <span class='ocrx_word' id='word_1_246' title='bbox 1006 1757 1139 1800; x_wconf 89' lang='lat' dir='ltr'><strong>Plane</strong></span> <span class='ocrx_word' id='word_1_247' title='bbox 1158 1759 1295 1811; x_wconf 80' lang='lat' dir='ltr'><strong>igitur</strong></span> <span class='ocrx_word' id='word_1_248' title='bbox 1313 1763 1359 1816; x_wconf 85' lang='lat' dir='ltr'><strong>et</strong></span> <span class='ocrx_word' id='word_1_249' title='bbox 1386 1760 1467 1802; x_wconf 87' lang='lat' dir='ltr'><strong>hoc</strong></span> <span class='ocrx_word' id='word_1_250' title='bbox 1483 1761 1664 1803; x_wconf 79' lang='lat' dir='ltr'><strong>verbum</strong></span> 
     </span>
    </p>
   </div>
   <div class='ocr_carea' id='block_1_5' title="bbox 101 1818 1076 1944">
    <p class='ocr_par' dir='ltr' id='par_1_7' title="bbox 101 1818 1076 1944">
     <span class='ocr_line' id='line_1_29' title="bbox 101 1818 749 1874; baseline 0 -15"><span class='ocrx_word' id='word_1_251' title='bbox 101 1855 106 1859; x_wconf 89' lang='lat'>.</span> <span class='ocrx_word' id='word_1_252' title='bbox 154 1833 283 1863; x_wconf 85' lang='lat' dir='ltr'><strong>usum</strong></span> <span class='ocrx_word' id='word_1_253' title='bbox 302 1821 435 1863; x_wconf 85' lang='lat' dir='ltr'><strong>habet</strong></span> <span class='ocrx_word' id='word_1_254' title='bbox 453 1825 521 1862; x_wconf 81' lang='grc' dir='ltr'><strong>τοῦ</strong></span> <span class='ocrx_word' id='word_1_255' title='bbox 542 1818 749 1874; x_wconf 66' lang='grc' dir='ltr'>ἄρχεσθαι.</span> 
     </span>
     <span class='ocr_line' id='line_1_30' title="bbox 754 1899 1076 1944; baseline -0.006 0"><span class='ocrx_word' id='word_1_256' title='bbox 754 1899 1076 1944; x_wconf 87' lang='grc' dir='ltr'>ΕΡΧΕΣΘΑΙ.</span> 
     </span>
    </p>
   </div>
   <div class='ocr_carea' id='block_1_6' title="bbox 149 1983 1666 2901">
    <p class='ocr_par' dir='ltr' id='par_1_8' title="bbox 149 1983 1666 2901">
     <span class='ocr_line' id='line_1_31' title="bbox 218 1983 1663 2044; baseline -0.003 -13"><span class='ocrx_word' id='word_1_257' title='bbox 218 1989 252 2031; x_wconf 92' lang='grc'><strong>1.</strong></span> <span class='ocrx_word' id='word_1_258' title='bbox 285 1987 381 2033; x_wconf 92' lang='lat' dir='ltr'><strong>Hoc</strong></span> <span class='ocrx_word' id='word_1_259' title='bbox 399 1990 581 2032; x_wconf 83' lang='lat' dir='ltr'><strong>verbum</strong></span> <span class='ocrx_word' id='word_1_260' title='bbox 599 1989 742 2044; x_wconf 90' lang='lat' dir='ltr'><strong>primo</strong></span> <span class='ocrx_word' id='word_1_261' title='bbox 762 1986 900 2028; x_wconf 82' lang='lat' dir='ltr'><strong>nostri</strong></span> <span class='ocrx_word' id='word_1_262' title='bbox 915 1985 1031 2039; x_wconf 90' lang='lat' dir='ltr'><strong>juris</strong></span> <span class='ocrx_word' id='word_1_263' title='bbox 1054 1987 1133 2032; x_wconf 85' lang='lat' dir='ltr'><strong>est,</strong></span> <span class='ocrx_word' id='word_1_264' title='bbox 1154 1983 1231 2025; x_wconf 88' lang='lat' dir='ltr'><strong>ubi</strong></span> <span class='ocrx_word' id='word_1_265' title='bbox 1266 1984 1379 2027; x_wconf 84' lang='lat' dir='ltr'><strong>alius</strong></span> <span class='ocrx_word' id='word_1_266' title='bbox 1409 1986 1533 2028; x_wconf 84' lang='lat' dir='ltr'><strong>verbi</strong></span> <span class='ocrx_word' id='word_1_267' title='bbox 1562 2000 1663 2042; x_wconf 85' lang='lat' dir='ltr'><strong>par-</strong></span> 
     </span>
     <span class='ocr_line' id='line_1_32' title="bbox 154 2039 1663 2103; baseline -0.002 -13"><span class='ocrx_word' id='word_1_268' title='bbox 154 2047 359 2103; x_wconf 88' lang='lat' dir='ltr'><strong>ticipium</strong></span> <span class='ocrx_word' id='word_1_269' title='bbox 378 2048 517 2089; x_wconf 87' lang='lat' dir='ltr'><strong>futuri</strong></span> <span class='ocrx_word' id='word_1_270' title='bbox 546 2047 800 2102; x_wconf 83' lang='lat' dir='ltr'><strong>adjunctum</strong></span> <span class='ocrx_word' id='word_1_271' title='bbox 834 2043 979 2084; x_wconf 87' lang='lat' dir='ltr'><strong>habet.</strong></span> <span class='ocrx_word' id='word_1_272' title='bbox 1039 2039 1090 2083; x_wconf 92' lang='lat' dir='ltr'><strong>In</strong></span> <span class='ocrx_word' id='word_1_273' title='bbox 1122 2043 1279 2096; x_wconf 89' lang='lat' dir='ltr'><strong>primis</strong></span> <span class='ocrx_word' id='word_1_274' title='bbox 1312 2043 1431 2098; x_wconf 85' lang='lat' dir='ltr'><strong>apud</strong></span> <span class='ocrx_word' id='word_1_275' title='bbox 1463 2042 1663 2087; x_wconf 89' lang='lat' dir='ltr'><strong>Herodo-</strong></span> 
     </span>
     <span class='ocr_line' id='line_1_33' title="bbox 153 2098 1663 2159; baseline -0.004 -11"><span class='ocrx_word' id='word_1_276' title='bbox 153 2111 250 2148; x_wconf 89' lang='lat' dir='ltr'><strong>tum</strong></span> <span class='ocrx_word' id='word_1_277' title='bbox 269 2106 478 2159; x_wconf 88' lang='lat' dir='ltr'><strong>frequens</strong></span> <span class='ocrx_word' id='word_1_278' title='bbox 499 2109 566 2146; x_wconf 86' lang='lat' dir='ltr'><strong>est</strong></span> <span class='ocrx_word' id='word_1_279' title='bbox 585 2105 675 2146; x_wconf 87' lang='lat' dir='ltr'><strong>haec</strong></span> <span class='ocrx_word' id='word_1_280' title='bbox 694 2101 937 2158; x_wconf 88' lang='lat' dir='ltr'><strong>pleonasmi</strong></span> <span class='ocrx_word' id='word_1_281' title='bbox 958 2100 1116 2147; x_wconf 88' lang='lat' dir='ltr'><strong>forma,</strong></span> <span class='ocrx_word' id='word_1_282' title='bbox 1136 2104 1186 2140; x_wconf 92' lang='lat' dir='ltr'><strong>ut</strong></span> <span class='ocrx_word' id='word_1_283' title='bbox 1205 2100 1253 2141; x_wconf 87' lang='lat' dir='ltr'><strong>ii.</strong></span> <span class='ocrx_word' id='word_1_284' title='bbox 1277 2099 1349 2141; x_wconf 89' lang='grc'><strong>35.</strong></span> <span class='ocrx_word' id='word_1_285' title='bbox 1399 2098 1609 2156; x_wconf 60' lang='grc' dir='ltr'><strong>*Ερχομαι</strong></span> <span class='ocrx_word' id='word_1_286' title='bbox 1622 2102 1663 2145; x_wconf 77' lang='grc' dir='ltr'><strong>δὲ</strong></span> 
     </span>
     <span class='ocr_line' id='line_1_34' title="bbox 153 2154 1666 2217; baseline -0.003 -13"><span class='ocrx_word' id='word_1_287' title='bbox 153 2162 238 2217; x_wconf 65' lang='grc' dir='ltr'><strong>περὶ</strong></span> <span class='ocrx_word' id='word_1_288' title='bbox 265 2161 473 2211; x_wconf 66' lang='grc' dir='ltr'><strong>Αἰγύπτου</strong></span> <span class='ocrx_word' id='word_1_289' title='bbox 498 2163 692 2210; x_wconf 78' lang='grc' dir='ltr'>μηκυνέων</span> <span class='ocrx_word' id='word_1_290' title='bbox 728 2160 789 2201; x_wconf 73' lang='grc' dir='ltr'><strong>τὸν</strong></span> <span class='ocrx_word' id='word_1_291' title='bbox 820 2160 946 2207; x_wconf 75' lang='grc' dir='ltr'>λόγον.</span> <span class='ocrx_word' id='word_1_292' title='bbox 1023 2154 1094 2197; x_wconf 87' lang='lat' dir='ltr'><strong>De</strong></span> <span class='ocrx_word' id='word_1_293' title='bbox 1127 2154 1320 2213; x_wconf 72' lang='lat' dir='ltr'><strong>AEgypto</strong></span> <span class='ocrx_word' id='word_1_294' title='bbox 1340 2158 1440 2213; x_wconf 72' lang='lat' dir='ltr'><strong>jam</strong></span> <span class='ocrx_word' id='word_1_295' title='bbox 1465 2157 1666 2214; x_wconf 72' lang='lat' dir='ltr'><strong>pluribus</strong></span> 
     </span>
     <span class='ocr_line' id='line_1_35' title="bbox 149 2213 1664 2266; baseline -0.002 -5"><span class='ocrx_word' id='word_1_296' title='bbox 149 2218 287 2264; x_wconf 76' lang='lat' dir='ltr'><strong>verbis</strong></span> <span class='ocrx_word' id='word_1_297' title='bbox 304 2218 456 2261; x_wconf 85' lang='lat' dir='ltr'><strong>dicam.</strong></span> <span class='ocrx_word' id='word_1_298' title='bbox 513 2218 583 2261; x_wconf 89' lang='lat' dir='ltr'><strong>Et.</strong></span> <span class='ocrx_word' id='word_1_299' title='bbox 605 2233 641 2260; x_wconf 86' lang='lat' dir='ltr'><strong>c.</strong></span> <span class='ocrx_word' id='word_1_300' title='bbox 660 2217 730 2259; x_wconf 80' lang='lat'><strong>40.</strong></span> <span class='ocrx_word' id='word_1_301' title='bbox 786 2213 871 2259; x_wconf 69' lang='grc' dir='ltr'><strong>Τὴν</strong></span> <span class='ocrx_word' id='word_1_302' title='bbox 890 2215 928 2256; x_wconf 79' lang='grc' dir='ltr'><strong>δὲ</strong></span> <span class='ocrx_word' id='word_1_303' title='bbox 950 2213 996 2255; x_wconf 69' lang='grc' dir='ltr'><strong>ὧν</strong></span> <span class='ocrx_word' id='word_1_304' title='bbox 1020 2215 1207 2262; x_wconf 72' lang='grc' dir='ltr'><strong>μεγίστην</strong></span> <span class='ocrx_word' id='word_1_305' title='bbox 1242 2232 1283 2255; x_wconf 84' lang='grc' dir='ltr'><strong>τε</strong></span> <span class='ocrx_word' id='word_1_306' title='bbox 1305 2214 1465 2262; x_wconf 69' lang='grc' dir='ltr'>δαίμονα</span> <span class='ocrx_word' id='word_1_307' title='bbox 1498 2215 1664 2266; x_wconf 67' lang='grc' dir='ltr'><strong>ἥνπνςαι</strong></span> 
     </span>
     <span class='ocr_line' id='line_1_36' title="bbox 150 2272 1664 2331; baseline -0.001 -14"><span class='ocrx_word' id='word_1_308' title='bbox 150 2274 251 2318; x_wconf 74' lang='grc' dir='ltr'>εἶναι.</span> <span class='ocrx_word' id='word_1_309' title='bbox 279 2276 344 2317; x_wconf 77' lang='grc' dir='ltr'><strong>καὶ</strong></span> <span class='ocrx_word' id='word_1_310' title='bbox 368 2278 556 2326; x_wconf 69' lang='grc' dir='ltr'>μεγίστην</span> <span class='ocrx_word' id='word_1_311' title='bbox 589 2278 621 2318; x_wconf 83' lang='grc' dir='ltr'><strong>οἶ</strong></span> <span class='ocrx_word' id='word_1_312' title='bbox 651 2275 763 2331; x_wconf 66' lang='grc' dir='ltr'>ὅςτὴν</span> <span class='ocrx_word' id='word_1_313' title='bbox 787 2274 980 2320; x_wconf 70' lang='grc' dir='ltr'>ἀνάγουσι,</span> <span class='ocrx_word' id='word_1_314' title='bbox 1017 2273 1162 2314; x_wconf 69' lang='grc' dir='ltr'>ταύτην</span> <span class='ocrx_word' id='word_1_315' title='bbox 1195 2272 1363 2326; x_wconf 73' lang='grc' dir='ltr'>ἔρχομαι</span> <span class='ocrx_word' id='word_1_316' title='bbox 1395 2273 1514 2326; x_wconf 84' lang='grc' dir='ltr'>ἐρέων.</span> <span class='ocrx_word' id='word_1_317' title='bbox 1574 2273 1664 2316; x_wconf 81' lang='lat' dir='ltr'><strong>Sed</strong></span> 
     </span>
     <span class='ocr_line' id='line_1_37' title="bbox 151 2325 1663 2388; baseline -0.004 -12"><span class='ocrx_word' id='word_1_318' title='bbox 151 2345 365 2381; x_wconf 74' lang='lat' dir='ltr'><strong>nect-aro</strong></span> <span class='ocrx_word' id='word_1_319' title='bbox 399 2334 516 2388; x_wconf 90' lang='lat' dir='ltr'><strong>apud</strong></span> <span class='ocrx_word' id='word_1_320' title='bbox 547 2333 660 2374; x_wconf 88' lang='lat' dir='ltr'><strong>alios</strong></span> <span class='ocrx_word' id='word_1_321' title='bbox 690 2330 893 2373; x_wconf 87' lang='lat' dir='ltr'><strong>occurrit.</strong></span> <span class='ocrx_word' id='word_1_322' title='bbox 927 2325 1066 2372; x_wconf 67' lang='lat' dir='ltr'><strong>,Plat.</strong></span> <span class='ocrx_word' id='word_1_323' title='bbox 1102 2329 1188 2369; x_wconf 76' lang='lat' dir='ltr'><strong>vol.</strong></span> <span class='ocrx_word' id='word_1_324' title='bbox 1219 2328 1251 2370; x_wconf 91' lang='lat' dir='ltr'><strong>i.</strong></span> <span class='ocrx_word' id='word_1_325' title='bbox 1283 2342 1328 2383; x_wconf 86' lang='lat' dir='ltr'><strong>p.</strong></span> <span class='ocrx_word' id='word_1_326' title='bbox 1359 2327 1461 2370; x_wconf 79' lang='lat'>227.</span> <span class='ocrx_word' id='word_1_327' title='bbox 1493 2330 1663 2385; x_wconf 69' lang='grc' dir='ltr'><strong>’ἔρχομαι</strong></span> 
     </span>
     <span class='ocr_line' id='line_1_38' title="bbox 151 2385 1661 2445; baseline -0.001 -14"><span class='ocrx_word' id='word_1_328' title='bbox 151 2394 364 2445; x_wconf 63' lang='grc' dir='ltr'><strong>ἐπιχειρῶν.</strong></span> <span class='ocrx_word' id='word_1_329' title='bbox 423 2390 644 2433; x_wconf 86' lang='lat' dir='ltr'><strong>Plutarch.</strong></span> <span class='ocrx_word' id='word_1_330' title='bbox 677 2390 730 2430; x_wconf 89' lang='lat' dir='ltr'><strong>de</strong></span> <span class='ocrx_word' id='word_1_331' title='bbox 757 2389 927 2429; x_wconf 85' lang='lat' dir='ltr'><strong>educat.</strong></span> <span class='ocrx_word' id='word_1_332' title='bbox 959 2398 1190 2441; x_wconf 86' lang='lat' dir='ltr'><strong>puerorum</strong></span> <span class='ocrx_word' id='word_1_333' title='bbox 1224 2398 1259 2426; x_wconf 90' lang='lat' dir='ltr'><strong>c.</strong></span> <span class='ocrx_word' id='word_1_334' title='bbox 1293 2385 1334 2426; x_wconf 89' lang='lat'><strong>7.</strong></span> <span class='ocrx_word' id='word_1_335' title='bbox 1363 2386 1409 2426; x_wconf 78' lang='grc' dir='ltr'><strong>τὸ</strong></span> <span class='ocrx_word' id='word_1_336' title='bbox 1438 2385 1478 2427; x_wconf 75' lang='grc' dir='ltr'><strong>δὲ</strong></span> <span class='ocrx_word' id='word_1_337' title='bbox 1507 2389 1661 2430; x_wconf 66' lang='grc' dir='ltr'>πάντων</span> 
     </span>
     <span class='ocr_line' id='line_1_39' title="bbox 152 2441 1661 2503; baseline -0.003 -15"><span class='ocrx_word' id='word_1_338' title='bbox 152 2451 331 2496; x_wconf 68' lang='grc' dir='ltr'><strong>μέγιστον</strong></span> <span class='ocrx_word' id='word_1_339' title='bbox 369 2478 379 2488; x_wconf 94' lang='grc'><strong>.</strong></span> <span class='ocrx_word' id='word_1_340' title='bbox 404 2478 414 2488; x_wconf 92' lang='grc'><em>.</em></span> <span class='ocrx_word' id='word_1_341' title='bbox 438 2478 447 2487; x_wconf 92' lang='grc'><strong>.</strong></span> <span class='ocrx_word' id='word_1_342' title='bbox 483 2449 649 2503; x_wconf 76' lang='grc' dir='ltr'><strong>’ἔρχομαι</strong></span> <span class='ocrx_word' id='word_1_343' title='bbox 679 2448 841 2502; x_wconf 68' lang='grc' dir='ltr'>φράσων.</span> <span class='ocrx_word' id='word_1_344' title='bbox 902 2441 1105 2497; x_wconf 87' lang='lat' dir='ltr'><strong>Xenoph.</strong></span> <span class='ocrx_word' id='word_1_345' title='bbox 1140 2442 1270 2496; x_wconf 83' lang='lat' dir='ltr'><strong>Ages.</strong></span> <span class='ocrx_word' id='word_1_346' title='bbox 1305 2442 1355 2484; x_wconf 76' lang='lat' dir='ltr'><strong>il.</strong></span> <span class='ocrx_word' id='word_1_347' title='bbox 1394 2441 1436 2483; x_wconf 85' lang='lat'><strong>7.</strong></span> <span class='ocrx_word' id='word_1_348' title='bbox 1466 2448 1510 2485; x_wconf 74' lang='grc' dir='ltr'><strong>οὗ</strong></span> <span class='ocrx_word' id='word_1_349' title='bbox 1546 2450 1661 2488; x_wconf 73' lang='grc' dir='ltr'>τοῦτο</span> 
     </span>
     <span class='ocr_line' id='line_1_40' title="bbox 151 2500 1660 2558; baseline -0.001 -13"><span class='ocrx_word' id='word_1_350' title='bbox 151 2504 270 2554; x_wconf 83' lang='grc' dir='ltr'>λέξων</span> <span class='ocrx_word' id='word_1_351' title='bbox 295 2505 476 2558; x_wconf 73' lang='grc' dir='ltr'>ἔρχομαι.</span> <span class='ocrx_word' id='word_1_352' title='bbox 537 2504 671 2545; x_wconf 89' lang='lat' dir='ltr'><strong>Plane</strong></span> <span class='ocrx_word' id='word_1_353' title='bbox 701 2504 818 2544; x_wconf 90' lang='lat' dir='ltr'><strong>idem</strong></span> <span class='ocrx_word' id='word_1_354' title='bbox 853 2501 1073 2542; x_wconf 85' lang='lat' dir='ltr'><strong>videretur</strong></span> <span class='ocrx_word' id='word_1_355' title='bbox 1107 2513 1272 2548; x_wconf 87' lang='lat' dir='ltr'><strong>sensus,</strong></span> <span class='ocrx_word' id='word_1_356' title='bbox 1303 2500 1341 2541; x_wconf 90' lang='lat' dir='ltr'><strong>si</strong></span> <span class='ocrx_word' id='word_1_357' title='bbox 1370 2513 1451 2554; x_wconf 89' lang='lat' dir='ltr'><strong>pro</strong></span> <span class='ocrx_word' id='word_1_358' title='bbox 1482 2501 1553 2543; x_wconf 86' lang='lat' dir='ltr'><strong>his</strong></span> <span class='ocrx_word' id='word_1_359' title='bbox 1571 2502 1660 2544; x_wconf 89' lang='lat' dir='ltr'><strong>die-</strong></span> 
     </span>
     <span class='ocr_line' id='line_1_41' title="bbox 154 2557 1664 2612; baseline -0.002 -9"><span class='ocrx_word' id='word_1_360' title='bbox 154 2566 252 2604; x_wconf 90' lang='lat' dir='ltr'><strong>tum</strong></span> <span class='ocrx_word' id='word_1_361' title='bbox 279 2567 396 2602; x_wconf 86' lang='lat' dir='ltr'><strong>esset</strong></span> <span class='ocrx_word' id='word_1_362' title='bbox 428 2564 470 2602; x_wconf 78' lang='grc' dir='ltr'><strong>οὐ</strong></span> <span class='ocrx_word' id='word_1_363' title='bbox 494 2578 532 2602; x_wconf 78' lang='grc' dir='ltr'><strong>τ.</strong></span> <span class='ocrx_word' id='word_1_364' title='bbox 570 2561 686 2610; x_wconf 81' lang='grc' dir='ltr'>λέξω,</span> <span class='ocrx_word' id='word_1_365' title='bbox 715 2560 937 2612; x_wconf 88' lang='lat' dir='ltr'><strong>similique</strong></span> <span class='ocrx_word' id='word_1_366' title='bbox 974 2558 1147 2599; x_wconf 83' lang='lat' dir='ltr'><strong>ratione</strong></span> <span class='ocrx_word' id='word_1_367' title='bbox 1180 2558 1227 2598; x_wconf 91' lang='lat' dir='ltr'><strong>in</strong></span> <span class='ocrx_word' id='word_1_368' title='bbox 1258 2557 1497 2611; x_wconf 88' lang='lat' dir='ltr'><strong>prioribus.</strong></span> <span class='ocrx_word' id='word_1_369' title='bbox 1575 2557 1664 2600; x_wconf 87' lang='lat' dir='ltr'><strong>Sed</strong></span> 
     </span>
     <span class='ocr_line' id='line_1_42' title="bbox 153 2613 1663 2673; baseline -0.002 -12"><span class='ocrx_word' id='word_1_370' title='bbox 153 2619 245 2662; x_wconf 82' lang='lat' dir='ltr'><strong>haec</strong></span> <span class='ocrx_word' id='word_1_371' title='bbox 276 2619 422 2660; x_wconf 81' lang='lat' dir='ltr'><strong>forma</strong></span> <span class='ocrx_word' id='word_1_372' title='bbox 454 2618 663 2673; x_wconf 82' lang='lat' dir='ltr'><strong>exprimit</strong></span> <span class='ocrx_word' id='word_1_373' title='bbox 690 2630 783 2659; x_wconf 89' lang='lat' dir='ltr'><strong>rem</strong></span> <span class='ocrx_word' id='word_1_374' title='bbox 814 2629 902 2658; x_wconf 91' lang='lat' dir='ltr'><strong>non</strong></span> <span class='ocrx_word' id='word_1_375' title='bbox 936 2615 1194 2670; x_wconf 85' lang='lat' dir='ltr'><strong>simpliciter</strong></span> <span class='ocrx_word' id='word_1_376' title='bbox 1236 2613 1450 2663; x_wconf 77' lang='lat' dir='ltr'><strong>futuram,</strong></span> <span class='ocrx_word' id='word_1_377' title='bbox 1489 2628 1588 2668; x_wconf 88' lang='lat' dir='ltr'><strong>quae</strong></span> <span class='ocrx_word' id='word_1_378' title='bbox 1617 2621 1663 2658; x_wconf 91' lang='lat' dir='ltr'><strong>et</strong></span> 
     </span>
     <span class='ocr_line' id='line_1_43' title="bbox 152 2673 1664 2730; baseline -0.002 -13"><span class='ocrx_word' id='word_1_379' title='bbox 152 2677 285 2729; x_wconf 84' lang='lat' dir='ltr'><strong>longo</strong></span> <span class='ocrx_word' id='word_1_380' title='bbox 323 2680 422 2730; x_wconf 89' lang='lat' dir='ltr'><strong>post</strong></span> <span class='ocrx_word' id='word_1_381' title='bbox 455 2680 653 2730; x_wconf 87' lang='lat' dir='ltr'><strong>tempore</strong></span> <span class='ocrx_word' id='word_1_382' title='bbox 680 2675 862 2716; x_wconf 85' lang='lat' dir='ltr'><strong>tractari</strong></span> <span class='ocrx_word' id='word_1_383' title='bbox 889 2674 1045 2727; x_wconf 86' lang='lat' dir='ltr'><strong>possit,</strong></span> <span class='ocrx_word' id='word_1_384' title='bbox 1085 2673 1162 2713; x_wconf 88' lang='lat' dir='ltr'><strong>sed</strong></span> <span class='ocrx_word' id='word_1_385' title='bbox 1194 2684 1297 2713; x_wconf 84' lang='lat' dir='ltr'><strong>mox</strong></span> <span class='ocrx_word' id='word_1_386' title='bbox 1324 2673 1664 2726; x_wconf 86' lang='lat' dir='ltr'><strong>suscipiendam.</strong></span> 
     </span>
     <span class='ocr_line' id='line_1_44' title="bbox 155 2727 1663 2784; baseline -0.002 -10"><span class='ocrx_word' id='word_1_387' title='bbox 155 2731 309 2775; x_wconf 89' lang='lat' dir='ltr'><strong>Simile</strong></span> <span class='ocrx_word' id='word_1_388' title='bbox 338 2737 406 2774; x_wconf 86' lang='lat' dir='ltr'><strong>est</strong></span> <span class='ocrx_word' id='word_1_389' title='bbox 424 2731 678 2774; x_wconf 86' lang='lat' dir='ltr'><strong>Latinorum</strong></span> <span class='ocrx_word' id='word_1_390' title='bbox 710 2730 775 2772; x_wconf 81' lang='lat' dir='ltr'><strong>ire</strong></span> <span class='ocrx_word' id='word_1_391' title='bbox 804 2743 904 2772; x_wconf 88' lang='lat' dir='ltr'><strong>cum</strong></span> <span class='ocrx_word' id='word_1_392' title='bbox 934 2731 1121 2784; x_wconf 88' lang='lat' dir='ltr'><strong>supino;</strong></span> <span class='ocrx_word' id='word_1_393' title='bbox 1152 2733 1203 2770; x_wconf 91' lang='lat' dir='ltr'><strong>ut</strong></span> <span class='ocrx_word' id='word_1_394' title='bbox 1235 2727 1345 2770; x_wconf 90' lang='lat' dir='ltr'><strong>Hor.</strong></span> <span class='ocrx_word' id='word_1_395' title='bbox 1379 2727 1531 2770; x_wconf 85' lang='lat' dir='ltr'><strong>Carm.</strong></span> <span class='ocrx_word' id='word_1_396' title='bbox 1552 2731 1583 2771; x_wconf 90' lang='lat' dir='ltr'><strong>i.</strong></span> <span class='ocrx_word' id='word_1_397' title='bbox 1615 2729 1663 2777; x_wconf 81' lang='lat'><strong>2,</strong></span> 
     </span>
     <span class='ocr_line' id='line_1_45' title="bbox 160 2786 1663 2845; baseline -0.003 -14"><span class='ocrx_word' id='word_1_398' title='bbox 160 2789 227 2836; x_wconf 88' lang='grc'><strong>15.</strong></span> <span class='ocrx_word' id='word_1_399' title='bbox 287 2789 494 2831; x_wconf 86' lang='lat' dir='ltr'><strong>Ceterum</strong></span> <span class='ocrx_word' id='word_1_400' title='bbox 523 2791 652 2845; x_wconf 88' lang='lat' dir='ltr'><strong>plura</strong></span> <span class='ocrx_word' id='word_1_401' title='bbox 671 2789 875 2842; x_wconf 84' lang='lat' dir='ltr'><strong>exempla</strong></span> <span class='ocrx_word' id='word_1_402' title='bbox 893 2788 1067 2840; x_wconf 86' lang='lat' dir='ltr'><strong>collegit</strong></span> <span class='ocrx_word' id='word_1_403' title='bbox 1087 2786 1140 2834; x_wconf 90' lang='lat' dir='ltr'><strong>is,</strong></span> <span class='ocrx_word' id='word_1_404' title='bbox 1173 2787 1250 2839; x_wconf 93' lang='lat' dir='ltr'><strong>qui</strong></span> <span class='ocrx_word' id='word_1_405' title='bbox 1284 2787 1443 2840; x_wconf 83' lang='lat' dir='ltr'><strong>saepius</strong></span> <span class='ocrx_word' id='word_1_406' title='bbox 1465 2787 1536 2828; x_wconf 91' lang='lat' dir='ltr'><strong>hic</strong></span> <span class='ocrx_word' id='word_1_407' title='bbox 1552 2787 1663 2828; x_wconf 87' lang='lat' dir='ltr'><strong>mihi</strong></span> 
     </span>
     <span class='ocr_line' id='line_1_46' title="bbox 155 2841 1663 2901; baseline -0.003 -13"><span class='ocrx_word' id='word_1_408' title='bbox 155 2848 556 2901; x_wconf 84' lang='lat' dir='ltr'><strong>commemorandus</strong></span> <span class='ocrx_word' id='word_1_409' title='bbox 571 2852 655 2894; x_wconf 88' lang='lat' dir='ltr'><strong>est,</strong></span> <span class='ocrx_word' id='word_1_410' title='bbox 676 2844 906 2888; x_wconf 87' lang='lat' dir='ltr'><strong>Fischerus</strong></span> <span class='ocrx_word' id='word_1_411' title='bbox 926 2845 974 2886; x_wconf 89' lang='lat' dir='ltr'><strong>in</strong></span> <span class='ocrx_word' id='word_1_412' title='bbox 994 2843 1225 2886; x_wconf 79' lang='lat' dir='ltr'><strong>Animadv.</strong></span> <span class='ocrx_word' id='word_1_413' title='bbox 1242 2842 1299 2884; x_wconf 89' lang='lat' dir='ltr'><strong>ad</strong></span> <span class='ocrx_word' id='word_1_414' title='bbox 1312 2841 1441 2885; x_wconf 85' lang='lat' dir='ltr'><strong>well.</strong></span> <span class='ocrx_word' id='word_1_415' title='bbox 1464 2842 1663 2886; x_wconf 87' lang='lat' dir='ltr'><strong>Gramm.</strong></span> 
     </span>
    </p>
   </div>
   <div class='ocr_carea' id='block_1_7' title="bbox 156 2898 1664 3000">
    <p class='ocr_par' dir='ltr' id='par_1_9' title="bbox 156 2898 1664 3000">
     <span class='ocr_line' id='line_1_47' title="bbox 156 2898 1664 3000; baseline -0.004 -48"><span class='ocrx_word' id='word_1_416' title='bbox 156 2909 219 2952; x_wconf 86' lang='lat' dir='ltr'><strong>iii.</strong></span> <span class='ocrx_word' id='word_1_417' title='bbox 253 2904 295 2947; x_wconf 89' lang='lat' dir='ltr'><strong>b.</strong></span> <span class='ocrx_word' id='word_1_418' title='bbox 328 2917 374 2962; x_wconf 91' lang='lat' dir='ltr'><strong>p.</strong></span> <span class='ocrx_word' id='word_1_419' title='bbox 399 2904 487 2956; x_wconf 84' lang='lat'><strong>48;</strong></span> <span class='ocrx_word' id='word_1_420' title='bbox 517 2905 594 2948; x_wconf 83' lang='lat' dir='ltr'><strong>sed</strong></span> <span class='ocrx_word' id='word_1_421' title='bbox 626 2905 714 2948; x_wconf 83' lang='lat' dir='ltr'><strong>duo</strong></span> <span class='ocrx_word' id='word_1_422' title='bbox 749 2903 883 2947; x_wconf 86' lang='lat' dir='ltr'><strong>etiam</strong></span> <span class='ocrx_word' id='word_1_423' title='bbox 907 2902 1054 2946; x_wconf 83' lang='lat' dir='ltr'><strong>aliena</strong></span> <span class='ocrx_word' id='word_1_424' title='bbox 1085 2914 1111 2947; x_wconf 86' lang='lat' dir='ltr'><strong>e</strong></span> <span class='ocrx_word' id='word_1_425' title='bbox 1140 2898 1350 2988; x_wconf 57' lang='lat' dir='ltr'><strong>namnet</strong></span> <span class='ocrx_word' id='word_1_426' title='bbox 1369 2901 1464 3000; x_wconf 49' lang='lat' dir='ltr'><strong>Frol.</strong></span> <span class='ocrx_word' id='word_1_427' title='bbox 1485 2901 1517 2946; x_wconf 89' lang='lat' dir='ltr'><strong>i.</strong></span> <span class='ocrx_word' id='word_1_428' title='bbox 1551 2915 1597 2958; x_wconf 86' lang='lat' dir='ltr'><strong>p.</strong></span> <span class='ocrx_word' id='word_1_429' title='bbox 1619 2899 1664 2962; x_wconf 50' lang='lat'><strong>52</strong></span> 
     </span>
    </p>
   </div>
  </div>
 </body>
</html>
