1838 3164
508 137 827 179 PLEoN-ASMI
854 139 1052 179 PLURIU
1052 140 1096 179 M
1122 135 1672 182 VOCUM.137

162 256 254 293 tum
286 249 458 308 quidem
494 266 566 296 vos
609 264 706 293 cam
756 251 960 295 Thebanis
1005 251 1244 308 aliquando
1293 251 1577 311 conspiraturi
1614 268 1674 297 es-

181 314 222 350 et

158 322 181 351 ε
224 321 276 351 ω
516 368 544 395 ει
772 368 799 394 ιιι
1026 368 1055 396 ιιι
1279 370 1305 396 ιι

220 424 259 467 l.
289 423 378 466 Sed
408 430 460 468 ut
493 439 590 474 nos,
619 426 766 468 missis
790 401 1021 470 sententiis
1037 427 1236 481 integris,
1265 428 1321 469 ad
1351 429 1671 470 sententiarum

157 486 309 536 putes
341 487 388 525 et
420 485 660 526 minutiora
677 485 879 551 quaedam
913 486 1192 541 recipiamus,
1225 486 1374 538 qualia
1411 499 1492 541 per
1528 489 1672 528 totum

156 539 319 586 librum
336 543 642 590 tractavimus,
671 543 853 584 nomina
881 545 1080 597 quaedam
1101 544 1185 585 huc
1204 545 1428 598 pertinent
1445 556 1544 586 cum
1564 556 1673 598 prae-

161 597 399 652 positione,
428 603 479 640 ut
498 599 609 648 ἴδμεν
643 599 693 641 ἐνὶ
722 601 853 654 φρεσίε
886 600 1036 656 Odyss.
1071 602 1134 644 Δ.
1166 601 1265 644 632.
1325 600 1412 643 Sed
1432 602 1486 643 de
1505 601 1671 644 talibus

158 656 272 697 satis
290 657 469 698 achim·
455 670 501 698 ιιι
520 656 632 711 Isag.
663 658 702 712 ξ.
732 657 825 699 15.

211 712 255 754 2.
286 710 399 755 Cum
416 715 602 757 articulo
621 714 818 757 abundat
844 717 1098 772 praepositio
1128 716 1175 758 in
1196 716 1428 759 formula'
1413 735 1449 758 εν
1484 721 1563 759 τοῖς
1589 718 1670 766 μά·

154 777 284 820 λιστα,
313 783 395 825 pro
425 785 515 825 qua
535 774 572 814 si
593 774 781 828 simplex
808 775 986 828 ponitur
1019 777 1211 842 μάλιστα,
1247 775 1359 816 nihil
1393 775 1566 817 videtur
1597 776 1672 817 de·

153 830 346 870 tractum
374 842 467 871 esse
487 831 731 879 sententiae,
762 837 815 874 ut
832 831 1025 885 Thucyd
1060 833 1152 874 viii.
1186 832 1258 876 90.
1292 833 1385 888 ἀνὴρ
1415 835 1451 874 ἐν
1481 836 1561 874 τοῖς
1592 834 1672 880 μά-

151 891 268 932 λιστα
283 903 348 926 και
369 889 409 928 ἐκ
428 890 618 930 πλείστου
649 890 810 930 ἐναντίος
843 895 898 945 τῷ
929 890 1055 948 δήμῳ.
1114 890 1280 933 Verum
1299 891 1447 933 brevis
1468 892 1561 933 haec
1580 903 1671 932 am-

151 942 371 1010 plificatio·
398 947 717 1000 superlativum
750 953 901 1002 auget,
934 950 1302 1004 quemadmodum
1332 962 1401 1004 ap.
1422 947 1604 991 Latinos
1622 955 1672 990 at

153 998 232 1056 qm·
249 1001 436 1045 maxime
464 1017 545 1058 pro
575 1006 764 1060 simplici
795 1007 996 1050 maxime.
1056 1006 1144 1048 Sed
1162 1007 1427 1049 monendum
1449 1012 1532 1054 est,
1562 1008 1672 1049 arti-

153 1058 301 1100 culum
322 1062 461 1102 videri
483 1064 684 1106 neutrius
701 1067 876 1118 generis
896 1079 1007 1113 esse,
1029 1066 1092 1106 ita
1106 1069 1156 1106 ut
1168 1066 1278 1107 illud
1296 1064 1563 1119 Thucydidis
1580 1065 1671 1106 dic-

151 1119 252 1157 tum
268 1117 329 1159 sit
347 1130 430 1172 pro
450 1120 544 1175 ἀνὴρ
564 1138 670 1162 κατα
691 1139 744 1163 τα
770 1125 948 1170 μάλιστα
969 1125 1117 1165 ἐναντία
1137 1122 1259 1164 ὄντα.
1286 1154 1296 1164 .
1322 1124 1555 1165 ..ἐναντίος
1574 1139 1611 1163 τ.
1634 1122 1670 1164 δ.

153 1170 296 1216 Docte
314 1179 361 1216 et
380 1181 525 1225 acute,
559 1181 827 1234 comparatis
856 1183 992 1223 etiam
1019 1181 1236 1223 similibus
1252 1181 1471 1232 formulis,
1497 1181 1552 1222 de
1588 1180 1672 1222 hoc

149 1230 359 1290 loquendi
381 1234 510 1276 modo
530 1235 730 1291 disputat
752 1237 848 1280 Cel.
867 1238 1051 1282 Wolfius
1080 1239 1136 1281 ad
1164 1237 1311 1280 Reizii
1332 1239 1387 1281 de
1395 1237 1570 1295 pro-sod
1593 1235 1670 1280 G'r.

147 1286 344 1334 accentus
362 1289 645 1336 inclinatione
662 1309 707 1350 p.
729 1295 803 1338 21.
825 1310 880 1338 ss.

205 1345 250 1388 3.
282 1347 431 1390 Verba
450 1363 582 1404 porro
602 1354 702 1394 ’ἐστιν
720 1354 822 1396 ὅπως
840 1359 887 1396 et
904 1356 1076 1404 γίγνεται
1096 1355 1192 1396 ὥστε
1213 1358 1424 1408 sequente
1442 1354 1581 1395 verbo
1595 1365 1672 1395 ne-

147 1406 339 1447 cessario
369 1406 544 1450 faciunt
574 1410 822 1452 anfractum
858 1413 903 1452 in
939 1413 1129 1466 speeiem
1155 1425 1242 1453 non
1270 1412 1593 1454 necessarium.
1620 1414 1672 1452 et

146 1473 415 1516 quamquam
434 1466 586 1509 subest
607 1468 778 1522 ellipsis
798 1472 900 1523 post
914 1470 1095 1511 verbum
1116 1470 1439 1511 substantivum
1453 1472 1505 1510 ut
1518 1470 1671 1524 τρόπος,

146 1519 280 1568 λόγος,
309 1523 419 1563 αἰτία
445 1522 507 1576 (v.
546 1524 699 1566 Burm.
717 1526 776 1567 ad
805 1525 977 1569 Petron.
1009 1542 1046 1570 c.
1089 1527 1203 1583 127.)
1231 1532 1382 1569 tamen
1414 1539 1440 1568 e
1471 1528 1672 1581 pleonas-

148 1577 235 1619 mis
252 1580 363 1621 talia
383 1592 472 1626 non
492 1584 674 1637 excepi.
706 1596 810 1624 nam
839 1589 1026 1639 utraque
1045 1586 1186 1637 figura
1203 1589 1269 1626 est
1286 1587 1532 1639 conjuncta.
1556 1582 1672 1625 Plat.

148 1633 290 1679 Alcib.
307 1638 343 1707 'i-
376 1638 460 1679 vol.
482 1652 525 1679 v.
556 1652 603 1694 p.
633 1638 699 1681 10.
719 1639 861 1682 ”Εστιν
880 1640 940 1682 ουν
960 1643 1061 1684 ὅπως
1080 1641 1124 1683 ἄν
1143 1658 1243 1683 ποτε
1260 1640 1388 1691 ἐ’μαθέ
1391 1660 1410 1683 ς
1435 1659 1489 1688 τι,
1510 1641 1535 1685 ἢ
1566 1640 1670 1690 ἐξεῦ-

149 1709 226 1746 ρες,
255 1711 362 1742 μπτε
380 1694 584 1742 μανθάνειν
607 1696 766 1746 ἐθέλων,
782 1698 891 1746 μήτε
911 1699 1028 1741 αυτὸς
1049 1701 1163 1754 ζητεῖ
1146 1718 1204 1740 ι.ν
1190 1702 1209 1730 ⁹
1239 1699 1420 1742 Dictum
1440 1696 1668 1754 pro''E1.‹a-

147 1747 274 1791 Ser*
248 1769 294 1792 αν
324 1768 419 1794 «ποτε
453 1757 539 1795 etc.
568 1755 684 1798 sicut
703 1756 858 1797 statim
889 1758 1117 1823 sequitur:
1145 1755 1436 1800 Ἠἓέλησας
1411 1775 1456 1798 αν
1485 1755 1668 1810 ζητῆσαι,

146 1806 289 1856 brevi,
319 1814 372 1852 ut
390 1811 456 1852 ita
474 1812 635 1861 dicam,
666 1814 898 1856 verborum
918 1816 1006 1857 via.
1066 1811 1179 1855 Xen.
1203 1812 1323 1857 Hist.
1345 1813 1426 1855 Gr.
1459 1827 1502 1855 v.
1523 1813 1570 1861 3,
1597 1812 1665 1854 10.

147 1865 367 1918 νομῖζουσα,
398 1871 465 1909 οὐκ
487 1867 531 1910 ἂν
562 1901 572 1911 .
606 1902 616 1911 .
650 1870 879 1920 ,γενέσῦαῃ
899 1889 995 1913 ωστε
1015 1872 1103 1920 ἅμα
1122 1874 1359 1945 ἀμφοτέρους
1378 1869 1466 1914 τοὺς
1482 1872 1669 1920 βασιλέας

146 1921 220 1973 ’ἐξω
239 1922 486 1980 Στάρτηςγ
447 1944 552 1968 ειναι.
614 1926 700 1971 Pro
718 1931 862 1971 verbis
892 1928 1085 1979 γενέσθαι,
1115 1930 1213 1970 ωστε
1240 1947 1330 1975 ειναι
1361 1928 1583 1984 simple-'ex'
1564 1945 1668 1969 εσεσ-

145 1978 215 2024 θαι
253 1995 417 2036 ponere
449 1986 680 2039 potuisset.
740 1985 790 2028 In
825 1989 894 2030 his
929 1988 1066 2040 igitur
1098 1988 1209 2030 nihil
1243 1988 1329 2029 nisi
1361 1986 1586 2041 elegantia
1616 1986 1666 2028 in
1698 2026 1701 2027 γ

146 2041 444 2083 membrorum
476 2043 826 2087 conformatione
854 2050 899 2087 et
930 2047 977 2087 in
1006 2046 1208 2088 oratione
1236 2045 1448 2087 varianda
1477 2045 1668 2098 quaesita

146 2101 242 2139 est:
273 2102 319 2140 et
355 2100 523 2142 similia
556 2106 658 2143 sunt
690 2103 897 2157 plurimis
929 2103 1188 2145 Latinorum
1219 2103 1343 2150 locis,
1372 2116 1473 2156 quae
1502 2105 1667 2158 praeter

145 2154 483 2212 lexicographos
521 2163 767 2203 tractantur
796 2162 854 2203 ab
891 2162 1096 2215 interprr.
1133 2159 1245 2202 Hor.
1284 2159 1430 2202 Carm.
1451 2160 1515 2201 iii.
1551 2160 1589 2210 l,
1620 2158 1664 2200 9.
1688 2158 1692 2162 ”

146 2209 328 2256 Sanctio
360 2216 408 2257 in
443 2215 557 2259 Min.
592 2217 760 2272 p.692.
803 2219 906 2261 Jani
927 2219 983 2261 A.
1006 2218 1056 2260 P.
1089 2232 1135 2274 p.
1168 2217 1269 2260 492.
1289 2232 1326 2260 s.
1346 2221 1393 2260 et
1412 2218 1528 2259 aliis.
1574 2189 1672 2258 'Sed‘

150 2271 260 2314 alibi
280 2274 361 2317 tali
382 2231 623 2318 anfractup
609 2289 695 2318 non
716 2279 885 2332 species
907 2278 1047 2319 solum
1069 2280 1267 2323 externa,
1288 2276 1364 2318 sed
1385 2275 1452 2318 vis
1468 2275 1515 2316 in
1534 2275 1666 2317 rebus

146 2330 266 2382 ipsis
278 2334 518 2384 quaeritur:
551 2337 600 2376 ιιι
626 2336 674 2376 ιιι
706 2334 940 2389 Sophoclis
959 2334 1147 2376 Philoct.
1169 2332 1265 2376 664.
1287 2334 1342 2375 de
1360 2346 1448 2387 quo
1467 2332 1594 2374 sub‘'
1567 2349 1665 2373 ωστε

145 2387 268 2434 (ῖῖΧῖ;
298 2393 346 2430 et
364 2389 593 2446 Aristoph.
615 2391 733 2435 Plut.
761 2393 827 2435 18.
861 2396 928 2434 οὐκ
947 2391 1030 2434 ’ἐσθ’
1064 2393 1165 2434 οπως
1197 2392 1419 2440 σιγήσομαι,
1439 2389 1548 2445 fien
1578 2403 1667 2431 non

139 2449 352 2500 potestat
371 2452 546 2497 taceam,
578 2451 671 2493 sive
692 2450 814 2494 nullo
837 2449 962 2493 modo
991 2449 1151 2493 tacebo.
1214 2448 1347 2492 Plura
1380 2450 1513 2491 habet
1542 2446 1664 2490 Hoo-

142 2515 307 2555 geveen
329 2504 386 2546 ad
405 2503 508 2559 vig.
529 2520 572 2548 v.
591 2508 638 2555 2,
656 2507 700 2550 2.

200 2560 245 2602 4.
284 2561 592 2607 Pleonasmum
631 2566 704 2608 hic
733 2567 864 2615 addo,
908 2566 965 2609 de
993 2580 1082 2620 quo
1112 2566 1259 2609 minus
1286 2530 1563 2609 fructuosum
1593 2567 1664 2608 est

145 2632 357 2673 quaerere,
391 2621 478 2664 nisi
500 2623 632 2677 plura
650 2625 747 2678 ejus
768 2626 972 2679 exem-pla
1002 2625 1179 2679 prolata
1211 2625 1391 2667 fuerint.
1450 2623 1665 2667 Herodot.
1669 2670 1672 2673 ,

144 2677 271 2720 1..79
305 2679 356 2719 ὥς
374 2681 407 2720 οἶ
438 2680 550 2735 παρα
567 2679 725 2730 δόξαν”
706 2699 802 2735 εσχε
822 2700 876 2723 τα
892 2698 929 2722 ω
929 2683 1134 2738 grimoara,
1163 2682 1190 2728 ἢ
1222 2685 1272 2724 ὡς
1302 2683 1419 2725 αὐτος
1445 2682 1663 2730 κατεδόκεε,

144 2734 252 2792 quia
272 2735 363 2792 ipsi
373 2746 528 2792 praeter
532 2737 791 2811 opinionem
816 2753 883 2781 res
899 2701 1121 2787 habebant,
1156 2739 1298 2788 alzter,
1318 2753 1445 2797 quam
1459 2739 1556 2797 ipse
1578 2753 1664 2796 pu-

145 2799 325 2837 taverat.
392 2793 450 2837 Et
484 2795 575 2837 viii.
614 2795 658 2837 4.
691 2797 770 2838 ἐπει
800 2801 947 2838 acroam
975 2813 1082 2853 παρα
1111 2797 1221 2862 δόξαν
1250 2814 1303 2839 τα
1331 2814 1558 2854 ωρηγματα
1587 2814 1662 2838 των

143 2853 347 2915 βαρβάρων
366 2855 562 2901 (ἐπέβαινε,
591 2852 617 2898 ἢ
638 2856 688 2895 ὣς
707 2855 816 2896 αὐτοι
835 2854 1067 2900 κατεδόκεον,
1092 2855 1198 2911 quia
1217 2853 1328 2913 2p82'8
1341 2855 1453 2910 (Sive
1472 2855 1664 2919 ipsorum

144 2906 427 2965 incommodo)
451 2917 607 2967 praeter
626 2911 872 2968 opinionem
889 2926 955 2954 res
974 2910 1246 2956 barbarorum
1272 2912 1488 2961 cedebant,
1518 2911 1663 2960 aliter,

147 2978 275 3025 quam
304 2966 393 3026 ipsi
414 2975 690 3028 putaverant.
750 2971 953 3029 Utroque
980 2970 1077 3015 loco
1105 2973 1241 3019 verba
1265 2972 1526 3028 posteriora,
1555 2970 1582 3020 ἢ
1611 2973 1661 3013 ὡς
