1838 3164
473 137 790 180 PLEONASMI
818 138 1339 184 SUBSTANTIVORUM.
1617 139 1684 184 29

147 246 279 289 nosse
295 249 513 307 regiones.
574 253 668 297 Nec
698 267 803 296 vero
836 267 911 309 ap.
948 251 1225 310 Herodotum
1254 255 1441 298 absurda
1478 258 1549 297 est
1579 267 1673 297 sus-

149 305 269 358 picio
282 310 653 366 interpolationis.
715 311 832 354 Nam
861 313 956 354 fere
974 313 1068 356 sola
1098 314 1227 368 ponit
1263 318 1499 355 ventorum
1533 313 1674 355 nomi-

150 367 226 411 na}
249 372 300 409 ut
318 368 432 412 ἰί.’8.
463 370 561 426 πρὸς
592 372 839 426 μεσαμβρίης
871 388 914 411 τε
935 370 1000 411 καὶ
1030 372 1138 412 νότου
1166 374 1212 412 et
1230 371 1291 413 iv.
1313 370 1386 413 45.
1417 372 1470 412 τὰ
1488 370 1587 426 πρὸς
1604 374 1671 415 Βο-

148 422 231 474 ρῆν.
303 424 495 477 Montes,
534 429 656 469 lacus
703 431 748 468 et
784 429 970 469 flumina
1006 429 1100 470 fere
1140 429 1303 470 accolis
1343 432 1522 470 tantum
1562 431 1671 470 nota

147 486 288 525 erant,
351 484 451 526 Non
487 487 623 539 igitur
654 486 821 539 liquido
849 488 1128 540 pleonasmos
1157 490 1331 528 statuas
1365 488 1414 529 in
1445 487 1551 528 his:
1583 485 1668 526 Xe-

149 543 287 595 nOph-
307 539 421 598 Exp.
445 541 548 597 Cyri
569 544 600 584 i.
623 541 668 590 4,
690 542 729 586 9.
750 557 787 585 S.
820 543 882 584 ἐπὶ
911 543 974 585 τὸν
995 542 1131 585 Χάλον
1152 544 1351 593 ποταμὸν,
1379 543 1473 585 ’ὄντα
1503 542 1548 583 τὸ
1570 543 1672 598 εὖρος

146 596 338 654 πλέθρου,
366 601 504 656 πλήρη
536 600 568 640 δ’
606 600 756 653 ἰχθύων
787 605 872 643 etc.
947 600 1139 643 Deinde:
1171 606 1239 644 τοῦ
1275 601 1513 657 Δαράδακος
1544 616 1673 641 ποτα-

145 659 239 704 mv,
256 656 300 697 οὖ
319 656 364 697 τὸ
396 657 501 713 εὖρος
519 657 711 713 ωλέὲςου.
773 657 890 706 Quia
907 659 1139 712 longitudo
1169 672 1259 701 non
1278 660 1504 707 definitur,
1539 671 1671 700 nemo

143 711 345 755 dubitare
378 720 571 770 poterat,
620 729 716 758 esse
760 717 957 769 ῳοταμόν.
1038 717 1122 759 Sed
1160 719 1321 771 ἀφέλεια
1356 715 1668 772 Xenophontis

143 771 323 814 volebat
344 773 425 814 hoc
444 774 591 829 ipsum
612 774 728 826 addi,
762 775 811 815 in
830 775 965 817 fluvio
982 775 1228 829 praesertim
1259 775 1465 828 ignobili.
1527 772 1669 816 Hero-

147 827 269 870 dian·
305 831 372 872 iii.
419 831 456 873 l.
485 838 553 874 τοῦ
583 830 738 887 Ταύρου
770 831 888 888 ὅρους.
962 831 1076 875 Cum
1117 830 1253 875 Tauri
1278 836 1371 875 tam
1400 833 1550 874 multae
1580 833 1671 874 Sint

142 885 505 939 significationes,
528 890 661 930 semel
693 888 796 944 ὅρους
817 903 977 932 nomen
998 895 1175 946 poterat
1206 891 1383 944 subjici.
1444 889 1668 944 Deinceps

144 946 307 999 Saepius
325 944 476 1002 Ταῦρος
498 946 752 1001 simpliciter
771 950 1032 1003 appellatur.
1090 948 1250 990 Strabo
1278 950 1339 990 xi.
1366 948 1403 996 l,
1435 947 1479 989 5.
1512 953 1567 1005 τῷ
1594 964 1669 988 ωο-

143 1008 261 1059 ταμῷ
280 1010 335 1060 τῷ
367 1003 557 1047 Tanaim:
589 1009 635 1046 et
654 1004 747 1045 καθ’
781 1005 807 1046 ἂ
837 1008 855 1046 ὁ
878 1004 1007 1061 Κῦρος
1034 1006 1098 1047 καὶ
1129 1005 1328 1062 ὃἈράξις
1353 1005 1520 1046 ἐκδίδωσι
1548 1021 1672 1046 ποτα-

146 1058 238 1107 μὸς,
274 1063 364 1117 ῥέων
397 1065 415 1102 ὁ
448 1064 518 1110 μὲν
551 1067 632 1104 etc.
705 1062 792 1103 Sed
830 1064 1072 1118 geographi
1101 1064 1177 1105 vix
1205 1068 1393 1119 possunt
1425 1065 1473 1105 in
1502 1063 1669 1105 talibus

143 1129 235 1159 esse
270 1119 403 1161 nimis
431 1121 678 1174 diligentes.
739 1119 807 1161 De
845 1123 914 1162 his
945 1122 1171 1163 hactenus.
1234 1121 1337 1163 Alia
1366 1134 1448 1176 per
1486 1122 1665 1176 apposi-

142 1174 311 1218 tionem
341 1177 553 1220 declarari
589 1191 765 1220 necesse
804 1183 896 1227 est;
928 1179 985 1220 de
1017 1181 1178 1232 quibus
1208 1181 1276 1222 vel
1298 1180 1567 1221 mentionem
1597 1179 1662 1220 fa-

141 1245 242 1289 cere
261 1235 373 1276 nihil
388 1236 567 1278 attinet.
628 1234 712 1291 Vl)
740 1234 822 1285 Ea,
843 1250 942 1290 quae
961 1235 1077 1290 Isag.
1105 1238 1144 1293 ξ.
1180 1236 1248 1279 17.
1279 1242 1391 1278 extr.
1416 1237 1663 1290 tetigimus,

142 1289 230 1333 huc
261 1293 331 1334 vel
362 1293 567 1347 inprimis
595 1295 832 1348 pertinent.
895 1293 1009 1335 Sunt
1042 1296 1161 1336 enim
1196 1295 1500 1337 substantiva:
1532 1299 1595 1344 et,
1625 1298 1663 1338 si

138 1349 259 1401 quod
278 1351 460 1391 verbum
479 1353 575 1404 ejus
604 1353 778 1404 generis
797 1352 1005 1399 occurrit,
1036 1353 1302 1394 substantivi
1324 1349 1416 1394 v'im
1446 1353 1661 1401 continet,

137 1409 189 1446 ut
222 1404 309 1448 ἰδεῖν
345 1410 566 1450 κάλλιστος.
628 1407 791 1450 Eorum
823 1409 894 1451 hic
924 1411 1191 1452 mentionem
1228 1422 1381 1451 rursus
1410 1408 1660 1452 faciendum

139 1462 363 1515 duximus,
396 1468 506 1520 quia
538 1478 723 1508 numero
752 1467 928 1509 infinita
946 1472 1065 1516 sunt,
1094 1471 1140 1509 et
1172 1479 1316 1522 pauca
1342 1472 1515 1509 tantum
1543 1481 1663 1521 quae-

138 1521 242 1563 dam
262 1524 471 1565 monendi
501 1537 634 1566 causa
652 1529 838 1579 possunt
872 1527 1222 1567 commemorari.
1284 1523 1510 1579 Quidquid
1540 1527 1661 1568 enim

139 1579 395 1622 scholastici
427 1582 782 1635 praedicabilibus
808 1588 853 1624 et
885 1583 1260 1637 praedicamentiS‚
1294 1597 1394 1638 quae
1424 1583 1659 1632 vocabant,

139 1639 568 1692 complectebantur;
597 1640 644 1680 id
679 1641 955 1682 substantivo
974 1654 1232 1696 expressum
1260 1653 1359 1684 cum
1379 1642 1545 1683 virtute
1562 1641 1658 1684 dia-

139 1694 297 1739 lectica
320 1697 386 1737 vel
408 1697 633 1738 aesthetica
664 1702 812 1751 potest
843 1701 887 1740 et
918 1699 1028 1740 solet
1062 1699 1306 1741 abundare.
1363 1699 1475 1741 Sunt
1506 1702 1659 1741 autem

138 1751 234 1794 fere
253 1753 393 1795 dativi
427 1759 472 1796 et
506 1756 744 1796 accusativi
779 1757 909 1809 hujus
939 1758 1141 1810 generis:
1172 1758 1295 1810 φύσει,
1327 1759 1496 1805 σώματι,
1525 1758 1658 1813 ῥώμῃ,

135 1815 283 1867 μορφῇ,
304 1814 424 1860 γένος,
444 1811 568 1862 ἔθνος,
585 1814 717 1862 πόλιν,
735 1813 1025 1864 ἐπιτνιδεύμασι,
1056 1812 1220 1863 πάθεσι,
1251 1818 1397 1864 κακοῖς,
1428 1816 1540 1870 σοφίᾳ
1569 1819 1654 1858 etc.

135 1868 238 1910 Jam
254 1869 312 1911 ad
331 1870 522 1924 singula.

801 1979 989 2022 ANHP.

198 2085 233 2126 l.
272 2085 370 2128 Hoc
414 2087 612 2129 abundat
655 2089 859 2141 junctum
906 2088 1163 2142 gentilibus,
1214 2093 1266 2131 ut
1310 2090 1404 2146 ἀνὴρ
1443 2088 1653 2138 Ῥωμαῖος.

135 2140 259 2186 Usus
288 2145 408 2186 enim
438 2146 509 2186 hic
541 2150 609 2188 est
642 2147 867 2199 loquendi,
902 2150 954 2188 ut
987 2146 1201 2188 vocabulo
1223 2145 1425 2196 Ῥωμαίου
1453 2148 1655 2192 absolute

133 2202 280 2255 posito
309 2203 579 2256 significetur
607 2203 753 2246 incola
783 2201 902 2246 urbis
935 2202 1141 2246 Romame
1175 2209 1253 2247 aut
1282 2203 1391 2248 civis
1415 2203 1653 2257 Romanus,

133 2271 223 2301 non
243 2261 492 2314 subjectum
511 2262 696 2314 quodvis
717 2263 891 2315 generis
913 2262 1161 2311 masculini,
1192 2263 1311 2316 quod
1340 2263 1398 2304 ad
1428 2261 1654 2308 Romanos

131 2317 342 2360 urbemve
381 2317 631 2361 Romanam
680 2321 914 2375 pertineat.
992 2317 1146 2372 Itaque
1181 2333 1310 2362 verus
1355 2321 1431 2363 ille
1479 2322 1653 2366 videtur

132 2363 429 2428 pleonasmus.
509 2377 629 2419 Nam
672 2391 904 2433 perperam
936 2377 984 2418 in
1025 2375 1176 2419 Gram.
1219 2377 1447 2421 Marchica
1485 2379 1563 2422 Gr.
1602 2395 1650 2437 p.

133 2443 195 2473 m.
215 2431 314 2474 411.
367 2433 564 2483 Ῥωμαῖος
578 2434 853 2485 ειῬωμαῖκὸς
871 2436 987 2477 inter
1005 2448 1060 2477 ea
1074 2436 1261 2488 gentilia
1278 2440 1523 2491 ponuntur,
1544 2451 1653 2492 quo-

131 2501 232 2531 rum
251 2491 434 2533 diversae
453 2496 557 2534 sunt
586 2494 934 2541 terminatione5‚
963 2494 1042 2534 sed
1062 2494 1178 2536 idem
1210 2507 1377 2536 sensus.
1435 2494 1555 2538 Nam
1573 2498 1651 2539 ad-

126 2548 295 2600 Jectiva
313 2551 501 2602 gentilia
531 2551 580 2592 in
610 2569 686 2592 ικος
718 2556 821 2593 sunt
855 2552 1119 2606 possessiva,
1150 2556 1197 2594 et
1228 2566 1311 2594 usu
1338 2565 1559 2607 sensuque
1591 2556 1651 2597 ab

130 2605 221 2652 illis
239 2607 466 2656 differunt,
486 2609 799 2660 quibushomo
818 2614 949 2651 certae
977 2609 1171 2651 civitatis
1199 2613 1279 2652 aut
1297 2611 1490 2653 nationis
1510 2613 1648 2666 signi-

128 2662 300 2706 fleatur.
359 2663 479 2707 Hinc
509 2664 747 2720 Dionysius
780 2665 927 2709 Halic.
948 2680 1059 2723 opus
1087 2681 1215 2709 suum
1243 2681 1330 2709 non
1346 2666 1549 2717 Ῥωμαίων
1582 2674 1647 2726 ἀρ-

127 2723 358 2773 χαιολογίαν
377 2723 617 2777 inscripsit,
646 2722 980 2773 εεᾱῬωμαῖκῆν,
999 2724 1224 2780 Josephus
1251 2739 1382 2768 suum
1412 2725 1649 2777 Ἰουδαϊκῆν,

129 2789 218 2823 nou
234 2778 442 2823 Ἰουδαίαν.
500 2780 569 2822 De
588 2783 631 2823 vi
665 2781 906 2836 pleonasmi
924 2783 990 2826 sic
1009 2784 1259 2825 habendum
1279 2797 1290 2824 :
1321 2784 1438 2825 sicut
1466 2786 1648 2827 omnino

129 2836 224 2892 ἀνὴρ
241 2838 443 2881 absolute
475 2840 671 2893 positum
702 2841 1070 2893 significationem
1103 2842 1282 2883 virtutis
1316 2842 1466 2889 habet,
1502 2843 1568 2883 ita
1601 2847 1647 2885 et

125 2893 330 2946 ,iunctum
349 2910 449 2938 cum
467 2897 555 2950 adj.
585 2898 758 2951 gentili.
819 2896 1114 2940 Confirmatur
1151 2899 1231 2941 hoc
1262 2913 1328 2950 eo,
1366 2898 1486 2951 quod
1504 2905 1650 2943 orato·

129 2963 200 2993 res
227 2955 292 2996 sic
318 2955 546 3010 appellant
574 2955 796 3004 auditores
828 2970 949 3007 suos,
978 2961 1029 3000 ut
1044 2955 1212 3013 ’Άνδρες
1226 2955 1447 3007 Ἀθηναῖοι,
1476 2955 1651 3007 Θηβαῖοι
