1838 3164
595 146 798 185 mnsrs
819 146 1030 186 mmm
1053 107 1234 185 vocu'u.
1585 134 1675 183 495

154 245 345 293 imonis
371 263 413 294 c.
444 251 566 295 xxiv.
603 245 672 294 ll.
684 246 836 294 ‘Paean
865 250 1074 300 ἀγομένους
1100 249 1153 291 εἲς
1177 247 1359 292 θάνατον.
1413 249 1490 295 Sic
1521 250 1673 296 latini

155 306 398 361 aliquando
428 310 560 364 plene
582 309 768 353 dicunt.
801 306 908 350 duci
934 307 1079 351 aul-ru
1103 306 1323 357 licium‚·
1349 308 1584 363 aliquando
1614 313 1675 353 el-

152 364 332 420 liptice:
379 365 494 410 duci.
550 365 722 412 Plinius
750 365 809 408 ad
832 364 1079 421 'EraJanum
1152 368 1258 422 pist.
1287 367 1344 408 de
1375 365 1746 422 christianiae,

155 421 414 480 Confitentes
438 425 595 469 iterum
611 439 663 470 ac
688 423 818 469 tertio
848 422 1136 484 interrogavi,
1164 423 1430 483 supplicium
1453 425 1678 470 minatus·
1660 459 1674 477 ‚
1742 423 1744 426 ’

298 489 460 527 erantes
475 483 581 527 duci
592 482 754 552 y‘ussi‘.

212 541 241 569 ⁸
262 538 362 586 Hoc
388 543 485 585 loco
502 555 592 585 non
611 543 810 586 alienum
829 542 1023 592 videtur,
1050 541 1339 585 notabiliores
1370 541 1588 598 quasdam
1613 543 1673 585 el-

151 597 319 666 liptieae
335 601 549 644 orationis
565 601 782 645 formulas
813 601 862 644 in
893 602 1089 644 tironum
1111 601 1304 656 gratiam
1335 602 1543 655 adjicere.
1599 601 1675 644 Sic

153 655 203 699 in
234 657 432 714 elliptico
465 659 546 701 illo
574 665 647 718 τῷ,
676 660 797 715 quod
824 659 1030 715 plurimis
1060 659 1109 702 in
1137 659 1246 702 locis
1278 660 1397 714 apud
1427 657 1673 702 Homerum

149 718 358 767 occurrit,
376 719 509 773 plena
527 720 673 762 oratio
690 722 759 762 est
775 718 1122 762 constituenda’
1104 717 1170 760 επὶ
1197 719 1324 775 τούτῳ
1341 723 1398 776 τῷ
1425 719 1552 775 αἰτίῳ.
1583 716 1676 760 Ho-

148 775 260 818 mer.
279 731 409 819 Iliadp
429 775 481 818 B.
502 790 592 820 ver.
613 776 716 821 296.

319 841 609 894 ----τῷ
625 839 670 880 οὔ
689 835 907 892 νεμεσίζομ’
922 833 1118 891 Ἀχαιους

322 892 581 949 ’Auxanum

148 945 377 995 Interdum
410 954 548 996 etiam
582 956 700 997 recte
729 950 990 997 subauditur
1020 952 1163 1008 τρόπῳ.
1197 964 1237 993 v.
1273 946 1442 1007 Teos-os.
1521 948 1620 1006 [My
1623 965 1674 994 ro

147 1010 217 1052 iii.
236 1024 328 1055 ver.
349 1010 391 1053 7.
413 1011 477 1053 τόν
495 1030 578 1061 και,
608 1013 763 1057 νικήσας
785 1013 914 1066 πατέρ
916 1029 943 1051 α
964 1007 1124 1067 Κρόνον,
1142 1011 1308 1066 εὐρύοπα
1326 1008 1432 1051 Ζεὺς
1451 1007 1672 1052 Ἀθάνατον

149 1069 305 1114 ποίησε.
365 1068 525 1113 Citans
547 1071 639 1114 haec
668 1069 929 1113 Eustathius
963 1068 1021 1110 ad
1054 1067 1184 1110 Iliad.
1216 1081 1262 1123 p.
1288 1066 1414 1116 1351,
1431 1066 1502 1110 34.
1522 1066 1674 1122 (1484,

149 1124 246 1185 50.)
277 1146 340 1178 το,
355 1126 471 1178 ἤγουν
502 1128 556 1170 διο
582 1129 648 1172 καὶ
672 1130 826 1174 νικήσας
855 1124 999 1183 Κρόνον
1028 1144 1068 1168 κ.
1100 1142 1139 1167 τ.
1173 1135 1218 1167 λ.
1275 1123 1405 1180 Legit
1433 1126 1572 1181 igitur
1601 1132 1670 1182 τῷ.

145 1182 359 1287 ξειειιιῐιι
390 1187 474 1230 hoc
511 1192 583 1244 τῷ,
623 1188 878 1242 ubicunque
914 1186 1097 1240 legitur,
1135 1184 1336 1227 neutrius
1373 1187 1443 1226 est
1479 1185 1672 1238 generis.

180 1256 333 1288 cusat

201 1299 256 1343 In
275 1301 316 1344 τὶ
303 1243 458 1358 &ilpud
490 1300 738 1345 Homerum
766 1301 896 1344 Iliad.
925 1300 962 1343 Ι.
999 1313 1089 1343 ver.
1122 1299 1227 1343 374.
1254 1300 1389 1355 plena
1423 1300 1571 1342 oratio
1601 1303 1671 1341 est

143 1359 252 1400 κατ-αξ
271 1377 309 1402 τι
334 1362 521 1417 πρᾶγμα.
581 1359 634 1403 Ιιι
664 1359 750 1402 ἀντὶ
783 1376 870 1409 του,
904 1359 1032 1412 cujus
1066 1359 1273 1413 ellipseos
1292 1358 1496 1412 exempla.
1530 1358 1671 1399 multa.

144 1417 268 1490 apud
310 1417 581 1461 Scholiastas
626 1417 821 1470 Graecos‚
861 1416 1217 1460 subaudiendum
1254 1419 1322 1457 est
1359 1416 1481 1457 οὕτως
1509 1417 1671 1469 ἔχοντος

142 1475 289 1524 λόγου.
319 1479 371 1518 ut
407 1477 520 1518 adeo
554 1478 687 1532 plena
722 1476 924 1519 oratione
958 1475 1098 1517 foret:
1141 1473 1226 1515 ἀντι
1258 1477 1327 1515 τοῦ
1359 1474 1480 1514 οὕτως
1509 1474 1670 1527 ἔχοντος

142 1533 293 1582 λόγουτ
322 1536 389 1577 vel
419 1533 506 1576 ἀντὶ
536 1552 605 1578 του
638 1533 824 1586 λέγεσθαι
855 1531 1049 1575 εἰωθότος.
1080 1532 1170 1574 vid.
1209 1530 1351 1573 Henr.
1373 1530 1587 1586 Stephan.
1621 1532 1668 1573 in

144 1586 404 1647 Proparasc.
439 1593 498 1635 ad
516 1594 692 1636 lection.
715 1593 848 1635 schol.
878 1591 959 1634 Gr.
984 1591 1031 1632 in
1057 1589 1298 1643 Thucydid.
1331 1602 1378 1645 p.
1401 1588 1501 1631 584.
1522 1590 1600 1631 ubi
1623 1594 1669 1631 et

143 1649 237 1691 alia
274 1653 414 1693 multa
452 1651 508 1693 de
545 1651 745 1705 elliptica
780 1650 1132 1692 Scholiastarum
1166 1646 1423 1689 Graecorum
1460 1648 1667 1701 loquendi

143 1707 318 1750 ratione
357 1709 502 1751 affert.
547 1708 695 1762 [Nihil
730 1711 777 1751 in
815 1708 886 1750 his
922 1707 1109 1762 elliptici
1146 1710 1248 1747 est:
1290 1705 1503 1747 articulus
1548 1706 1670 1747 enim

143 1765 219 1807 ille
239 1767 438 1809 neutrius
468 1770 535 1809 est
568 1767 761 1820 generis,
793 1779 845 1808 ac
873 1779 972 1819 quae
1006 1767 1265 1817 sequuntur,
1299 1764 1441 1805 vicem
1470 1765 1673 1817 gerentia

143 1824 356 1874 nominis,
376 1843 423 1866 το
441 1825 752 1881 materialiter
776 1828 829 1866 ut
848 1825 989 1874 aiunt,
1021 1823 1187 1864 habent
1213 1823 1516 1876 praepositum.
1574 1821 1670 1862 Ali-

142 1883 213 1924 ter
240 1896 311 1925 res
330 1896 379 1925 se
413 1883 561 1932 habet,
594 1895 782 1935 vereque
807 1882 979 1924 obtinet
1011 1880 1198 1935 ellipsis,
1227 1879 1306 1920 ubi
1336 1880 1551 1922 articulus
1580 1892 1669 1921 non

142 1941 344 1983 neutrius
362 1943 444 1989 est,
466 1942 541 1983 sed
571 1944 651 1981 aut
671 1940 919 1990 masculini,
938 1941 1017 1981 aut
1049 1937 1255 1980 feminini
1286 1939 1475 1991 generis.
1536 1936 1668 1981 Conf.

145 1997 424 2052 Hoogeveen.
474 1999 532 2040 ad
580 1997 718 2052 Viger
766 1998 794 2039 i.
844 1997 970 2039 xviii.
1021 1994 1093 2037 24.
1151 1995 1374 2050 Senam]
1465 1994 1518 2037 In
1563 1997 1670 2053 λόγω

145 2058 267 2113 apud
296 2054 558 2112 Sophoclem
590 2056 638 2097 in
674 2054 835 2101 Electr.
868 2069 913 2112 p.
951 2052 1046 2097 123.
1078 2055 1184 2096 edit.
1218 2052 1375 2108 Steph.
1402 2056 1482 2095 et
1467 2073 1516 2096 ενι
1545 2055 1668 2110 λόγῳ,

143 2121 196 2157 ut
228 2128 313 2156 uno
345 2113 468 2156 verbo
507 2113 664 2162 dicam,
730 2112 873 2168 [Nosz
923 2112 1007 2156 mit
1042 2111 1201 2154 Einem
1244 2110 1400 2160 Worte,
1437 2112 1516 2153 ubi
1556 2099 1669 2154 nih'il

145 2172 452 2215 subaudimus.
496 2171 722 2227 Senium]
753 2173 871 2225 quod
906 2175 953 2214 et
987 2170 1095 2212 alibi
1138 2183 1268 2224 saepe,
1300 2174 1345 2211 et
1381 2171 1499 2224 apud
1531 2170 1668 2212 Athe-

144 2243 357 2285 nagoram
379 2231 425 2272 in
453 2228 607 2284 Legat.
638 2243 723 2286 pro
749 2228 914 2272 Christ.
949 2244 987 2271 c.
1026 2230 1054 2270 i.
1090 2228 1300 2271 occurrit:
1345 2240 1427 2282 pro
1454 2241 1543 2281 quo
1575 2229 1668 2282 ple-

145 2289 246 2331 nius
272 2288 392 2330 idem
418 2289 554 2330 habet
593 2302 634 2331 c.
668 2288 789 2330 xxvi.
815 2291 865 2330 ὡς
895 2289 1010 2329 εἰπεῖν
1031 2287 1148 2343 λόγῳ.
1217 2282 1393 2338 Integra
1421 2287 1566 2328 oratio
1584 2290 1668 2336 est,

146 2346 244 2387 ὅστε
276 2346 326 2388 ἑνὶ
346 2347 451 2403 λὰγῳ
480 2349 611 2388 εἰπεῖν.
669 2344 817 2388 Item
803 2359 851 2387 ln
880 2345 1173 2393 συντομώτατόν
1192 2360 1237 2391 γε
1258 2344 1388 2392 εἰπεῖν,
1419 2357 1507 2396 quo
1525 2345 1669 2386 utitur

143 2401 298 2445 Alexis
329 2390 549 2456 Comicus,
580 2405 875 2459 supplendum
910 2407 977 2446 est
1015 2420 1112 2444 ωσι-ε
1143 2401 1249 2442 nan*
1291 2404 1584 2451 συντομώτατόν
1619 2420 1666 2451 γε

146 2461 261 2511 λόγον
281 2462 408 2504 εἰπεῖν.
438 2459 490 2504 In
511 2465 731 2510 συντεμόντι
762 2462 884 2517 apud
902 2461 1163 2504 Athenaeum
1197 2459 1276 2501 lib.
1301 2460 1400 2501 xiii.
1428 2473 1471 2515 p.
1494 2459 1593 2502 588.
1614 2455 1663 2501 Ε.

190 2591 206 2608 ⁶
227 2587 294 2618 His
309 2585 475 2628 subjicere
497 2588 609 2628 placet
621 2587 816 2628 exemplum
829 2588 878 2619 el—
943 2585 999 2618 die
1026 2585 1207 2628 intelligas,
1243 2585 1469 2625 supplendum
1502 2585 1569 2616 erit
1604 2585 1667 2624 sic,

146 2629 268 2672 lipsios
280 2640 302 2661 a
315 2629 517 2662 casaubono
530 2630 715 2662 observatae
726 2631 760 2661 in
771 2630 877 2662 Exer-
941 2631 1033 2671 quod
1044 2631 1156 2662 deest:
1219 2627 1296 2662 ἥλιος
1316 2628 1363 2658 ἔτι
1355 2627 1485 2667 aphes-zea,
1503 2642 1536 2659 ου
1558 2630 1605 2659 ἔτι
1596 2629 1666 2669 ιφαο-

148 2673 244 2706 citat.
268 2673 740 2714 Anti-Batonianispag.416.
784 2673 876 2707 Edit.
941 2686 996 2704 σιω
981 2686 1057 2708 ουτος
1083 2673 1118 2713 ‘yn'
1118 2685 1195 2704 ιιςτα
1222 2670 1277 2710 ὑμέ
1266 2684 1328 2714 -.ga
1372 2671 1484 2709 Quum
1510 2682 1589 2703 vero
1615 2673 1668 2703 di-

146 2716 275 2749 Genev.
296 2717 357 2748 ubi
383 2717 453 2748 ita:
483 2716 628 2754 Quoties
653 2717 687 2748 τὸ
710 2716 877 2757 {modam
941 2717 988 2748 cit
1006 2717 1118 2749 Lucas
1135 2714 1234 2748 xxiii.
1250 2718 1300 2744 54.
1326 2714 1378 2745 καὶ
1401 2715 1469 2758 ημέ
1457 2729 1493 2746 0oe
1519 2730 1550 2749 nr
1570 2728 1667 2758 ταρα-

147 2759 221 2792 sive
242 2759 425 2801 impudentur
448 2765 482 2791 et
503 2760 654 2801 ἐπιφαίνειν
672 2770 740 2792 ιιοιι
761 2761 804 2791 de
827 2761 874 2792 si-
939 2773 1038 2796 σκευῇ,
1054 2761 1107 2791 καὶ
1130 2759 1312 2796 edssfimo'v
1304 2757 1476 2798 ετὲφωσιε,
1503 2759 1551 2790 sic
1575 2770 1667 2790 acci-

147 2803 296 2843 deribus,
306 2805 365 2836 sed
379 2804 423 2834 de
437 2808 588 2846 tempore
599 2804 768 2842 dicuntur,
782 2814 879 2835 com-
941 2804 1116 2845 piendum,
1135 2809 1174 2834 ut
1189 2802 1218 2833 si
1233 2802 1383 2841 dixisset,
1406 2803 1458 2833 u}
1473 2803 1634 2842 ἰτέφωσιιν
1648 2803 1665 2835 ἡ

150 2847 309 2887 Petalium
333 2847 370 2879 id
391 2853 441 2880 est
461 2847 637 2886 sermonis,
654 2848 747 2888 qnod
765 2853 802 2879 ut
822 2858 878 2879 re-
940 2847 1202 2887 σιλῆηιῆἔγουσα
1227 2846 1262 2876 »rb
1283 2846 1436 2881 σάββατα
1423 2860 1447 2877 -
1470 2845 1492 2876 i·
1510 2857 1542 2877 e
1558 2848 1666 2878 dtu-vit

148 2889 282 2931 digam-
292 2892 335 2923 ad
348 2890 435 2922 orati
437 2901 537 2922 onem
552 2891 699 2933 plenam,
722 2901 875 2923 necessa·
940 2892 1036 2930 luna,
1044 2892 1124 2932 (qua
1135 2889 1321 2928 exoriente)
1330 2891 1428 2922 simia
1438 2892 1587 2921 ext-oritur
1598 2890 1666 2920 dies

147 2932 202 2965 rio
215 2936 369 2982 quadam
384 2940 460 2966 sunt
473 2935 669 2976 supplenda.
692 2933 778 2967 Nam
792 2945 825 2966 e.
838 2945 873 2976 g.
937 2936 1248 2968 naturalis-sabbati.
1261 2931 1389 2965 Lmsu.
1408 2943 1510 2977 quem
1525 2932 1616 2965 conf.
1631 2932 1665 2965 'ru

147 2975 178 3012 si
193 2975 315 3013 dicas
300 2977 395 3023 ημίςα
411 2977 576 3020 impiae,
594 2983 628 3012 et
641 2979 685 3012 de
705 2978 874 3013 artificiali
936 2977 1064 3021 preerat.
