1838 3164
772 180 1032 210 nnn-zoor.
1588 155 1668 201 105

148 275 320 320 Ἱκέσιος.
381 285 413 306 “
443 278 628 322 Pausan.
670 278 702 320 i.
733 279 805 321 20.
846 293 891 335 p.
932 278 1006 320 48.
1057 273 1226 317 Ἱκεσίου
1254 273 1293 316 δὲ
1322 272 1488 324 uvi-uua·
1519 274 1658 317 intell.

152 334 266 376 Διός·
307 335 362 378 de
398 350 483 391 quo
527 338 763 391 separatim
803 338 977 392 scripsit
1017 332 1292 377 Leisnerusss’
1361 330 1577 398 Fischer.
1601 333 1659 374 ad

149 389 329 436 Weller.
371 395 438 436 iii.
482 394 524 436 1.
563 408 608 449 p.
639 394 740 436 257.
800 393 851 437 In
894 395 971 436 illo
1000 393 1231 435 Pausaniae
1258 391 1354 431 loco
1383 388 1492 431 Cod.
1524 389 1656 456 .V¹¹.¹‘¹·

148 449 438 502 legit‘lmtov
465 452 504 493 δὲ
532 452 630 493 Διὸς
648 453 814 501 μήνιμα.
842 453 955 505 quod
979 455 1025 492 et
1053 451 1197 505 ipsum
1216 448 1394 489 bonum.
1455 446 1658 501 Elhptice

149 505 394 551 Pausanias
413 510 489 552 lib.
511 511 585 551 vii.
606 524 703 564 cap.
721 510 792 552 25.
813 511 873 552 in.
893 507 953 550 Τὸ
971 509 1009 550 δὲ
1029 506 1277 550 τοῦἹκεσίου
1295 505 1463 554 μήνιμα.
1523 503 1658 546 Plene

148 562 378 621 Euripides
401 566 510 608 Hec.
544 581 586 609 v.
620 567 721 609 349.
765 567 888 609 Pors.
923 570 1122 620 πέφευγας
1156 564 1219 605 τὸν
1246 563 1336 612 ἐμὸν
1360 561 1519 603 Ἱκέσιον
1550 562 1655 603 Δία.

148 620 350 676 Orpheus,
376 625 543 677 Argon.
575 637 615 666 v.
652 625 745 667 106.
769 625 905 668 Gesn.
931 623 1100 665 Ἱκεσίου
1117 622 1245 665 Ζηνὸς
1262 625 1388 675 κοῦραι
1418 619 1557 689 Ans-al.
1581 621 1655 662 ubi

146 678 495 724 Eschenbachius
510 688 731 737 comparat
752 682 886 725 Hom.
909 682 1067 735 Odyss.
1095 680 1154 723 N.
1181 694 1223 720 v.
1246 678 1346 720 213.
1408 677 1512 718 Ζευς
1530 678 1656 721 ἱκετή-

145 754 231 778 σιος.
291 736 342 780 In
376 739 522 782 Φίλιος.
578 739 807 795 EurIpides
835 741 1047 782 Androm.
1071 752 1113 780 v.
1138 737 1238 780 (304.
1299 734 1469 787 Musgr.
1500 734 1564 775 τὸν
1595 735 1655 776 σὸν

147 799 310 837 λιποῦσα
341 795 485 838 Φίλιον.
513 798 587 840 ubi
609 812 649 839 v.
672 798 896 852 Musgrav.
930 796 1153 850 Semina]
1211 792 1262 835 In
1282 793 1334 834 ὕει
1355 791 1538 848 Enipsis
1556 806 1653 848 sup-

142 851 290 906 pletur
309 866 337 894 a
357 853 591 897 Theocrito
609 854 672 897 Id.
694 857 752 897 iv.
774 870 861 898 ver.
879 855 951 899 43.

313 909 388 953 Χῶ
406 911 509 953 Ζεὺς
525 912 676 954 ἄλλοκα
694 915 764 963 μὲν
786 917 894 955 πέλει
914 911 1075 968 αἴθριος,
1097 909 1249 951 ἅλλῡκα
1269 907 1304 948 δ’
1322 909 1389 949 ὕει.

146 964 202 1008 Et
231 966 454 1023 Theognis
477 984 520 1012 V.
553 970 624 1012 25.
655 971 796 1013 -οὐδὲ
821 973 897 1028 γάρ
927 973 946 1011 ὃ
978 969 1082 1012 Ζεὺς
1099 966 1210 1009 033’
1229 968 1299 1008 ὕων
1317 965 1652 1032 πάντωςοᾶνδᾶνει,

142 1023 222 1064 οὐδ’
256 1027 419 1080 ἀνέχων.
462 1027 694 1074 Scnwnss..
766 1029 1098 1082 Theognideum
1126 1026 1270 1067 locum
1309 1022 1554 1065 Brunckms
1589 1026 1654 1067 sic

144 1081 306 1124 edidit:
338 1084 419 1125 οὐδὲ
451 1085 527 1140 «γὰρ
563 1087 581 1126 ὅ
617 1085 721 1127 Ζεὺς
739 1085 850 1127 Οἷί3’
877 1087 948 1126 ὕων
976 1087 1130 1126 πάντας
1162 1082 1321 1129 ἁνδάνει,
1372 1082 1450 1122 οὔτ’
1490 1083 1651 1134 ἀνέχων.

144 1136 264 1180 Bene
283 1141 388 1183 hoc:
421 1142 527 1183 illud
557 1156 644 1184 non
675 1145 797 1184 item.
857 1143 1139 1185 Scribendum
1156 1141 1274 1182 enim
1295 1139 1492 1180 wdvreoo’.
1550 1139 1650 1182 Vid.

143 1194 324 1238 Porson.
341 1196 437 1239 Ind.
461 1198 627 1241 Rerum
655 1201 711 1242 ad
739 1201 879 1255 Toup.
911 1199 1142 1242 Emendat.
1172 1212 1215 1240 v.
1247 1194 1416 1239 Vocalis
1434 1201 1480 1239 et
1496 1196 1554 1239 ad
1569 1196 1653 1240 Eu-

141 1254 435 1354 ῃρέᾱίῐῖιὶεείξι
448 1257 1007 1370 ἕοτέιῗέῗῇυτᾳῗιὲῗὲῧῖῥῑίω
1023 1313 1086 1362 μοὶ
1105 1312 1185 1360 τὸν,
1219 1311 1273 1352 de
1305 1323 1391 1364 qua
1415 1312 1503 1354 vid.
1534 1311 1654 1355 infra

136 1368 195 1410 ad
212 1381 254 1410 v.
277 1368 393 1411 Θεὸς.
449 1370 652 1414 SanEr.

594 1466 617 1489 *
646 1461 794 1511 ΖΩΑ,
825 1457 1202 1504 ANIMANTIA.

193 1541 294 1583 Ζῶα
312 1543 535 1586 omittitur
566 1543 615 1585 in
636 1544 688 1585 rei
717 1544 888 1596 πετεινά,
919 1544 1108 1598 ἀμφίβια,
1141 1541 1299 1598 ἑρπετά,
1332 1541 1563 1598 τετράποδα,
1598 1561 1652 1583 σι-

136 1601 265 1640 τιστοὶ.
294 1598 459 1643 Matth.
476 1614 574 1657 cap.
610 1603 719 1644 xxii.
750 1602 795 1645 4.
827 1601 979 1644 M1cn.
1040 1600 1142 1643 Vid.
1175 1599 1366 1643 Fischer.
1389 1600 1446 1643 ad
1468 1598 1649 1643 Weller.

135 1657 203 1700 iii.
224 1657 262 1699 l.
281 1670 327 1714 p.
347 1658 448 1701 257.
480 1659 682 1703 SanEr.

616 1757 641 1780 *
670 1751 870 1801 ΖΩΟΝ,
899 1749 1166 1793 ANIMAL.

191 1821 243 1865 In
264 1823 309 1864 τὸ
338 1825 505 1868 πετεινὸν
538 1830 583 1868 et
614 1827 776 1875 πτηνὸν,
805 1826 1004 1869 volucres.
1063 1825 1175 1868 Item
1210 1825 1256 1866 in
1287 1824 1341 1866 ταὶ
1360 1822 1503 1873 ἄλογα,
1531 1825 1650 1878 apud

135 1879 400 1924 Mauricium
419 1884 610 1938 Strateg.
631 1898 672 1927 V.
691 1885 734 1926 3.
756 1889 801 1927 et
829 1886 907 1927 vii.
932 1884 975 1926 8.
1004 1882 1225 1926 Fortassis
1252 1885 1298 1924 et
1326 1882 1375 1924 in
1410 1880 1648 1931 θνησιμαΐον,

132 1936 271 1980 Levit.
290 1940 352 1981 xi.
382 1941 447 1982 11.
476 1942 744 1984 Senon-Ta.

197 1998 221 2022 ²*
243 1997 379 2060 ‘Apud
397 1997 626 2053 Aristoph.
648 1999 766 2041 Nub.
805 1998 927 2041 1429.
962 1999 1080 2047 βοτά,
1110 2012 1171 2040 sc.
1194 1997 1291 2052 ζῶα,
1317 2000 1420 2038 sunt
1439 1994 1650 2039 animalia

63 2050 67 2057 '
137 2067 271 2095 omms
286 2068 467 2111 generes,
524 2055 591 2098 Ταὲ
608 2057 821 2110 βλπχνιτοὶ,
842 2059 935 2099 scil.
955 2058 1053 2113 ζῶα,
1085 2055 1356 2110 (animalia,)
1377 2067 1469 2111 quae
1487 2054 1648 2104 balant,

138 2112 258 2166 apud
276 2112 473 2155 Suidam.
533 2113 633 2155 Vid.
656 2115 776 2157 infra
794 2113 953 2171 Θηρίον.
984 2114 1142 2157 LmsN.

197 2171 221 2195 ²*
250 2167 304 2212 It.
340 2171 484 2225 ἑρπετὰ
516 2175 560 2213 et
591 2174 736 2220 ἐνάλια,
765 2172 923 2215 Jacobi
951 2174 1083 2228 epist.
1119 2184 1217 2226 cap.
1255 2170 1323 2212 iii.
1360 2169 1401 2211 7.
1459 2167 1648 2224 Enipsin

137 2228 355 2282 supplevit
385 2227 649 2272 Aristoteles
687 2230 741 2272 de
776 2229 962 2279 Mundo,
992 2232 1122 2272 ἐνάλια
1160 2231 1242 2286 ζῶα
1275 2229 1523 2270 nominans.
1554 2245 1648 2282 χερ-

138 2286 245 2332 σαῖα,
280 2285 503 2329 terrestria.
561 2286 838 2342 Palaephatus
880 2286 986 2342 Κεφ.
1017 2288 1083 2332 mi.
1123 2285 1225 2328 ἄλλο
1257 2303 1294 2326 τι
1331 2290 1406 2328 τῶν
1442 2287 1648 2341 χερσαίων,

139 2342 234 2382 scil.
260 2344 379 2400 ζώων.
434 2343 547 2387 Item
578 2346 634 2387 ad
663 2347 878 2402 ὑποζύγιον,
909 2346 1023 2399 quod
1049 2345 1163 2387 falso
1191 2343 1515 2386 substantivum
1544 2356 1646 2384 neu-

137 2403 254 2440 trum
273 2413 370 2442 esse
389 2400 643 2446 Lexicorum
667 2405 900 2458 scriptores
934 2404 1098 2446 dicunt.
1160 2402 1304 2444 Multa
1332 2402 1397 2444 ita
1426 2401 1649 2453 finguntur

139 2457 430 2507 substantiva,
461 2473 575 2513 quae,
600 2463 638 2504 si
667 2466 868 2503 accurate
887 2475 981 2504 rem
1000 2461 1277 2516 expenderis,
1312 2463 1417 2501 sunt
1431 2459 1648 2512 adjectiva

137 2516 386 2558 ἐλλειπτικῶς
411 2523 634 2574 usurpata.
692 2517 744 2560 In
774 2533 901 2562 versu
931 2520 1068 2574 igitur
1101 2518 1197 2561 126.
1254 2517 1525 2571 Theognidis
1551 2529 1646 2558 sen-

134 2573 390 2622 tentiarum,

306 2631 391 2686 πρὶν
410 2633 655 2688 ωειρασθείπς
674 2635 796 2690 ὥσπερ
815 2636 1036 2692 ὑποζυγίου.

137 2684 270 2730 Plene
283 2688 446 2732 dictum
462 2691 604 2733 foret:
637 2691 760 2748 ὥσπερ
791 2694 997 2749 ὑποζυγίου
1026 2693 1139 2750 {ebov-
1196 2691 1359 2733 Auctor
1385 2693 1520 2735 κτῆνος
1547 2691 1645 2732 sub-

137 2757 231 2786 esse
249 2749 404 2798 putat;
434 2760 514 2791 nec
530 2762 740 2806 repugno.
799 2748 985 2793 Bnnmz.

197 2804 222 2827 ⁸
239 2801 290 2844 In
309 2806 495 2858 ἀμφίβια,
523 2810 739 2863 βραχύβιοι.
798 2806 848 2849 In
870 2808 1018 2850 σιτιστᾶ
1040 2807 1204 2850 Matth.
1222 2808 1330 2849 xxii.
1350 2807 1393 2849 4.
1414 2807 1480 2848 uti
1501 2805 1644 2848 Hora-

138 2858 227 2902 tius
244 2861 323 2902 lib.
343 2862 374 2903 i.
392 2876 461 2918 ep.
479 2865 558 2907 vii.
579 2879 670 2907 ver.
688 2864 761 2906 35.
789 2864 990 2908 Altilium
1006 2872 1138 2908 satur.
1170 2865 1385 2907 Scnwmx.

199 2917 223 2941 ²*
254 2915 368 2961 Heb.
387 2921 448 2962 ix.
468 2921 511 2964 5.
546 2921 748 2979 Χερουβὶμ
765 2921 876 2972 δόξης
894 2925 1213 2979 κατασκιάζοντα.
1260 2923 1310 2966 Si
1331 2922 1644 2966 Blackwallum

140 2975 264 3022 audis
286 2978 385 3021 crit.
405 2977 448 3022 5.
470 2993 515 3037 p.
533 2981 606 3025 88.
625 2982 779 3037 supple
797 2982 895 3038 ζῶα.
923 2981 971 3026 F.
994 2981 1070 3025 Sr.
