1838 3164
216 130 272 175 36
535 172 541 181 ,
629 132 947 175 PLEONASMI
978 131 1362 186 NUMERALIUM.

222 246 372 303 stirpis
391 246 560 305 Scytha,
584 247 784 294 barbarus
799 246 942 289 Graeca
960 247 1114 302 lingua
1127 246 1315 302 loquens.
1376 244 1476 286 Non
1494 244 1621 286 facile
1635 241 1734 298 quis

222 304 268 346 τὸ
288 306 497 359 ἑλληνίζων
518 306 799 360 interpretari
819 307 995 358 poterat
1031 303 1181 346 Graecis
1202 302 1360 359 favens
1392 305 1469 344 aut
1500 301 1735 344 Graecorum

224 362 570 405 moresz'mz'tans:
600 364 675 404 sed
695 368 843 404 tamen
874 361 930 401 ad
957 361 1284 415 perpoliendam
1315 360 1579 401 sententiam
1597 361 1656 406 ,et
1682 358 1742 399 ad

228 420 479 474 augendam
499 421 781 462 acerbitatem
799 418 921 466 dicti,
955 423 1005 459 ut
1024 419 1135 459 nihil
1156 417 1357 459 Graecum
1379 418 1540 458 habere
1572 416 1736 458 videre-

228 481 306 520 tur
318 477 651 529 Demosthenes,
667 481 822 533 praeter
848 475 1062 529 linguam,
1089 477 1228 519 bonus
1261 479 1410 517 orator
1439 479 1492 531 τῇ
1510 483 1552 528 φ.
1580 473 1738 515 addere

228 535 434 578 debebat.

667 858 1305 940 PLEONASMI
1391 930 1397 933 ,

343 1003 843 1062 NOMINUM
916 999 1630 1062 NUMERALIUM.

905 1274 1044 1317 ΕΙΣ.

231 1392 558 1455 ABUNDAT
588 1413 670 1455 hoc
705 1415 955 1469 pronomini
987 1414 1103 1456 οὐδεὶς
1131 1414 1401 1467 adjunctum,
1432 1413 1504 1454 cui
1540 1421 1746 1463 magnam

231 1469 323 1511 vim
344 1470 482 1512 addit.
540 1469 774 1514 Fischerus
794 1474 850 1513 ad
885 1471 1069 1514 Welleri
1104 1471 1182 1513 Gr.
1202 1472 1268 1513 iii.
1303 1485 1346 1513 a.
1371 1484 1414 1524 p.
1434 1467 1534 1511 274.
1557 1469 1646 1508 haee
1674 1479 1748 1507 ex-

231 1528 380 1582 empla
399 1527 586 1582 collegit.
650 1528 861 1571 Herodot.
880 1532 911 1572 i.
932 1530 1003 1571 32.
1037 1530 1086 1570 ὣς
1101 1530 1139 1570 δὲ
1161 1529 1225 1569 καὶ
1245 1528 1444 1584 ἀνθρώπου
1461 1531 1572 1573 σῶμα
1594 1524 1628 1566 ἕν
1648 1522 1748 1565 οὐδὲν

230 1586 420 1640 αὔταρκές
451 1588 543 1627 ἐστι.
575 1584 712 1629 Thuc.
732 1588 781 1628 ii.
800 1587 871 1628 51.
905 1588 939 1628 ἕν
961 1604 1002 1628 τε
1023 1587 1123 1628 οὐδὲν
1144 1589 1313 1629 κατέστη
1350 1585 1463 1634 ἴαμα.
1505 1582 1613 1624 Plat.
1643 1580 1748 1635 Epi-

229 1654 352 1683 nom.
371 1644 456 1685 vol.
481 1645 537 1685 ix.
559 1658 603 1699 p.
632 1636 733 1686 245.
767 1644 848 1686 οὐδὲ
869 1648 1011 1685 τούτων
1049 1646 1082 1686 ἓν
1113 1643 1213 1685 οὐδὲν
1247 1644 1362 1692 μένει.
1422 1641 1523 1683 Vid.
1544 1645 1588 1682 et
1621 1638 1748 1682 Koen·

230 1699 288 1740 ad
302 1697 486 1754 Gregor.
506 1715 551 1756 p.
574 1700 646 1742 22.
680 1702 757 1755 qui
779 1715 834 1743 ex
861 1701 1044 1744 Aristid.
1076 1715 1141 1743 or.
1174 1704 1280 1742 tom.
1312 1702 1342 1742 i.
1377 1715 1421 1755 p.
1456 1697 1550 1740 196.
1582 1697 1748 1743 notavit

230 1756 334 1798 οὐδὲν
354 1756 454 1799 ἄλλο
473 1758 522 1800 ἕν.
582 1757 717 1801 Ratio
738 1761 979 1814 pleonasmi
997 1773 1051 1801 ex
1069 1774 1119 1800 eo
1141 1759 1380 1812 repetenda
1408 1760 1490 1804 est,
1511 1755 1625 1809 quod
1647 1753 1746 1794 οὐδὲν

230 1814 283 1867 (i.
306 1829 346 1857 e.
365 1818 454 1856 κατ’
475 1816 597 1871 οὐδὲν)
619 1831 699 1871 pro
721 1816 893 1859 omnino
914 1831 1017 1865 non,
1033 1821 1082 1858 ut
1098 1815 1194 1858 Lat.
1216 1814 1344 1863 nihil,
1375 1815 1572 1869 ponitur.
1631 1810 1748 1864 Ergo

222 1871 277 1912 ’τὸ
300 1873 335 1914 ἓν
354 1875 500 1926 potest
521 1874 626 1914 illud
648 1875 825 1927 quidem
843 1877 957 1923 tolli,
979 1878 1024 1916 et
1044 1876 1122 1921 ita,
1139 1878 1189 1915 ut
1211 1874 1433 1915 sublatum
1455 1885 1543 1913 non
1559 1871 1747 1915 sentias;

227 1929 306 1970 sed
324 1933 420 1971 tum
442 1929 543 1971 οὐδὲν
563 1932 745 1985 propria
766 1933 1088 1985 significatione
1107 1931 1368 1984 capiendum
1391 1933 1472 1977 est,
1493 1931 1536 1970 et
1554 1929 1749 1980 gravitas

224 1988 482 2040 ‘negationis
502 1989 632 2042 perit.
695 1988 890 2031 Primum
910 1990 1035 2037 illud,
1057 2002 1113 2029 ex
1133 1987 1374 2036 Herodoto,
1392 1987 1454 2028 sic
1469 1989 1613 2028 vertas
1628 1986 1746 2026 lieet:

229 2042 295 2086 ita
309 2058 405 2087 vero
421 2043 553 2086 etiam
564 2044 686 2088 homo
696 2059 810 2088 unus
826 2046 996 2088 omnino
1017 2059 1104 2088 non
1122 2044 1207 2087 sibi
1224 2044 1376 2101 sufficit
1396 2057 1436 2097 q.
1454 2058 1494 2085 e.
1508 2041 1649 2084 nullus
1663 2055 1750 2084 om-

229 2100 334 2144 nino
368 2102 408 2144 h.
431 2116 466 2144 s.
488 2115 522 2144 S.
582 2103 669 2145 Sed
688 2108 855 2146 remoto
875 2110 930 2160 τῷ
953 2106 986 2145 ἓν
1006 2103 1257 2157 languidior
1280 2103 1327 2145 fit
1348 2102 1590 2144 sententia:
1625 2098 1750 2142 ita-—

230 2158 354 2203 homo
370 2159 513 2203 nullus
530 2174 566 2202 s.
584 2174 619 2203 s.
653 2172 655 2175 ’
681 2159 750 2203 Of.
776 2162 895 2204 infra
908 2165 975 2203 οὐκ
996 2162 1043 2203 in
1064 2161 1271 2203 adverbb.
1631 2156 1635 2160 ’

921 2262 1070 2304 ΔΎΟ.

313 2345 580 2389 Nominibus
617 2346 758 2389 dualis
790 2346 960 2387 numeri
992 2346 1111 2400 apud
1141 2347 1344 2398 antiquos
1373 2346 1607 2400 scriptores
1637 2357 1752 2400 saepe

234 2406 386 2460 ipsum
407 2404 646 2451 numerale,
677 2404 757 2452 δύο,
778 2403 982 2451 additum
1013 2416 1155 2458 neque
1191 2405 1283 2445 sine
1302 2405 1426 2456 ¹iusta
1445 2416 1594 2451 causa,
1630 2415 1753 2444 max-

225 2464 326 2509 ¹ime
346 2463 464 2516 quod
483 2462 541 2503 ad
557 2474 631 2503 eas
650 2475 717 2502 res
737 2463 948 2516 pertinet,
978 2474 1074 2514 quae
1105 2475 1192 2503 non
1221 2466 1382 2504 natura
1410 2464 1512 2502 sunt
1540 2462 1672 2508 binae,
1699 2465 1752 2501 ut

237 2520 294 2562 τὼ
315 2520 422 2569 πόδε,
454 2521 507 2561 τοὶ
536 2522 659 2574 χεῖρε,
694 2523 738 2560 et
758 2520 949 2561 similes:
983 2532 1083 2560 nam
1119 2520 1305 2574 pluralis
1340 2522 1385 2560 et
1407 2519 1550 2560 dualis
1582 2519 1751 2559 numeri

236 2578 392 2620 formae
411 2579 505 2621 fere
525 2577 774 2632 promiscue
793 2578 1085 2631 ponebantur.
1148 2576 1217 2618 Ne
1246 2589 1334 2629 qua
1367 2577 1504 2628 igitur
1535 2575 1752 2628 ambigui-

236 2639 307 2678 tas
326 2637 574 2682 exsisteret,
605 2635 749 2688 ipsum
785 2635 1008 2676 addebant
1037 2648 1150 2689 saepe
1184 2634 1355 2675 numeri
1392 2646 1563 2675 nomen.
1624 2631 1752 2673 Hanc

236 2695 284 2736 in
305 2707 398 2736 rem
419 2691 678 2734 EustathiuS
707 2690 764 2731 ad
783 2690 908 2733 Iliad.
932 2691 980 2733 Ε.
1003 2692 1102 2733 554.
1135 2690 1194 2732 Τὸ
1210 2690 1248 2732 δὲ
1268 2691 1342 2731 δύω
1362 2690 1557 2743 πλεονάζει
1587 2689 1657 2736 μὲν
1689 2690 1752 2729 καὶ

237 2750 425 2799 ἐνταῦθα,
448 2749 556 2791 καθὰ
577 2747 639 2789 σὺν
660 2746 792 2790 ἄλλοις
822 2750 885 2791 καὶ
924 2753 958 2791 ἓν
979 2756 1032 2806 τῷ
1050 2748 1234 2804 Ἀτρείδα
1268 2748 1359 2796 δύω,
1390 2747 1599 2802 κοσμήτορε
1632 2750 1750 2787 λαῶν.

234 2809 323 2853 Sed
343 2815 387 2852 et
415 2810 539 2862 justa
565 2806 736 2847 ratione
771 2810 944 2860 poetam
975 2808 1153 2848 ductum
1175 2819 1270 2847 esse
1300 2804 1492 2846 ostendit
1515 2818 1525 2844 :
1559 2816 1661 2845 nam
1691 2803 1751 2845 ἵνα

219 2867 297 2917 4μὴ
310 2900 320 2910 .
337 2898 349 2911 .
362 2899 372 2908 .
393 2898 403 2908 .
426 2866 479 2907 τοὶ
499 2868 675 2912 τοιαῦτα,
694 2863 854 2916 inquit,
876 2863 1148 2908 πληθυντικῶς
1167 2864 1280 2918 νοήσῃ
1294 2879 1366 2911 τις,
1386 2862 1517 2910 ἐπάγει
1539 2860 1582 2901 τὸ
1605 2858 1753 2912 ΔΎΟ,

233 2930 284 2972 ὡς
295 2923 584 2979 mmmmm&-
