1838 3164
642 220 1123 250 nrrsznzem—E‘rxesem.
1554 200 1640 245 385

116 319 341 364 omittitur
371 319 556 373 εὔχομαι,
576 318 644 362 vel
676 318 827 374 potius
863 319 1042 374 εὔχεται,
1069 324 1144 362 ut:
1173 317 1428 374 Ἀλέξανδρος
1455 316 1634 374 Ἀριστο-

116 379 218 419 τέλει
238 381 385 436 χαίρειν
406 376 486 430 (sc.
509 376 703 432 ὲῦχεται).
763 376 1007 420 Alexander
1022 374 1249 420 Aristoteli
1264 375 1444 418 salutem
1461 375 1637 431 (appre-

116 437 275 492 catur).
337 434 513 478 Pletiius
532 435 577 477 id
594 433 790 477 Joannes
809 435 855 476 in
886 435 916 477 3
941 430 1082 491 Epist.
1110 448 1201 479 ver.
1226 434 1268 476 2.
1298 434 1530 484 Ἀγαπητὲ,
1548 432 1639 488 περὶ

116 494 276 536 πάντων
295 493 466 547 εὔχομαί
495 509 537 534 σε
566 490 783 534 εὐοδοῦσθαι
813 492 877 534 καὶ
911 495 1095 542 ὑγιαίνειν.
1155 492 1516 546 Subintelligitul·
1533 503 1639 533 vero

119 550 167 593 in
182 549 324 606 Epist.
339 550 496 592 Jacobi
514 551 540 591 i.
569 551 618 591 1ΙΓ
631 581 641 591 .
1432 559 1436 563 ·
1542 556 1545 558 ’

178 607 366 663 Εὔχομαι
383 621 483 650 cum
499 608 560 649 ‘lm
574 607 699 651 deest
717 608 763 650 in
783 610 843 656 μὴ
861 612 1020 658 γένοιτο,
1039 607 1165 657 absit,
1195 621 1291 662 quae
1319 621 1405 650 vox
1420 610 1490 650 est
1506 618 1641 648 omen

118 667 424 711 aversantium.
487 664 622 707 Plene
642 666 782 719 igitur
796 667 940 709 dicas:
975 665 1181 721 Εὔχομαι,
1201 667 1262 708 ἵνα
1277 666 1338 715 μὴ
1360 668 1518 716 γένοιτο.
1535 662 1642 705 Pre-

120 736 206 779 cor,
225 729 274 766 ut
293 737 346 767 ne
368 722 471 778 fiat.
531 721 602 777 [In
620 724 787 766 talibus
802 725 1046 780 optativuS,
1070 725 1147 779 qui
1174 723 1353 780 proprie
1370 723 1551 771 dicitur,
1565 722 1642 764 ob-

118 781 250 830 tinet,
270 794 351 823 nec
367 780 610 835 quidquam
625 782 979 825 subaudiendum
998 787 1081 825 est.
1114 781 1340 836 Sensum]
1537 786 1543 791 ”

177 839 205 866 ²¹⁸
233 837 285 881 In
319 839 410 881 illis
440 839 659 881 salutandi
693 839 896 882 formulis
934 840 1188 883 Priscianus
1218 840 1301 882 lib.·
1326 837 1452 881 xviii.
1483 837 1648 880 subau-

120 895 206 939 diri
224 909 354 952 posse
373 901 521 939 censet
550 900 716 938 κελεύωε
749 899 817 940 uti
850 902 918 941 est
951 899 1069 954 apud
1097 897 1310 940 Latinos:
1340 894 1514 945 salvere,
1533 909 1650 953 gau-

117 953 221 997 dere
248 961 287 997 te
310 954 459 1011 y'ubeo.
522 954 595 996 Sic
613 954 862 999 ¹Terentius
894 956 1084 1012 Adelph.
1119 956 1218 999 Act.
1260 955 1328 998 iii.
1368 953 1440 996 Sc.
1480 955 1542 997 iv.
1578 953 1646 995 14.

119 1009 294 1055 Salvere
313 1011 558 1068 Hegionem
573 1011 807 1069 plurimum
824 1013 977 1071 jubeo.
1038 1012 1185 1056 Schol.
1221 1013 1300 1055 Gr.
1334 1012 1392 1054 ad
1419 1010 1647 1055 Theocriti

115 1066 245 1124 'IdylL
266 1071 355 1112 xiv.
394 1070 430 1112 l.
462 1068 613 1126 Χάὶρην
643 1072 781 1113 πολλοὶ
811 1072 874 1113 τὸν
907 1071 1023 1127 ἄνδρα.
1052 1071 1282 1126 Θυώνιχον,
1305 1069 1516 1112 subaudit
1530 1072 1652 1127 γένοιο

124 1145 184 1176 το,
216 1128 282 1170 vel
299 1130 418 1177 λέγω.
479 1127 636 1170 Malim
663 1133 814 1171 tamen
848 1143 948 1171 cum
978 1133 1126 1171 nostro
1150 1134 1333 1171 auctore
1360 1129 1407 1170 in
1430 1128 1651 1182 eiusmodi

121 1186 359 1228 subaudire
394 1186 439 1227 τὸ
478 1185 680 1239 εὔχεσθαι.
744 1185 1003 1229 Graecorum
1047 1188 1301 1229 imitatione
1332 1186 1472 1228 etiam
1499 1183 1652 1228 Latini
1692 1194 1693 1197 ’

121 1256 235 1299 saepe
257 1245 426 1284 ἐλλιπῶς
447 1243 701 1297 loquuntur.
759 1243 978 1288 Horatius
1000 1246 1073 1287 lib.
1099 1247 1130 1287 i.
1152 1243 1235 1286 O'd.
1264 1246 1313 1287 ii.
1345 1256 1388 1285 v.
1405 1241 1480 1285 45.
1526 1241 1654 1284 Serus

118 1300 168 1342 in
186 1299 332 1343 coelum
350 1299 509 1342 redeas.
544 1315 582 1343 s.
600 1315 761 1358 precor.
826 1302 957 1344 Plene
990 1302 1213 1344 idem'lib.
1248 1302 1281 1342 i.
1312 1299 1396 1342 Od.
1431 1302 1498 1343 iii.
1531 1313 1573 1342 v.
1607 1300 1653 1343 7.

119 1356 295 1400 Reddas
324 1357 577 1400 incolumem
605 1373 768 1414 precor.
802 1359 1024 1401 Scnwssn.
1085 1359 1323 1414 Euripides
1356 1357 1558 1414 Supplic.
1593 1358 1654 1400 in.

122 1416 339 1471 Δήμητερ,
461 1416 740 1465 -εὑδαιμονεῖν
754 1435 823 1466 με,
841 1416 982 1460 Θησέα
1001 1436 1045 1458 τε
1056 1417 1170 1458 παῖδ’
1187 1418 1295 1466 ἐμὸν,
1308 1434 1347 1458 κ.
1371 1434 1410 1457 τ.
1425 1423 1468 1457 λ.
1487 1414 1658 1457 ‘Mark-

120 1473 278 1516 landus
297 1474 353 1516 ad
375 1474 418 1515 h.
439 1476 465 1517 l.
497 1480 529 1499 “
552 1472 784 1517 Reticetur
798 1474 995 1517 Verbum
1014 1475 1185 1529 εὔχομαι
1209 1474 1281 1527 (ut
1298 1475 1411 1517 bene
1433 1472 1658 1530 Brodaeus)

118 1532 190 1573 vel
212 1532 303 1575 tale
321 1525 492 1585 aliquid
511 1536 613 1574 ante
632 1530 906 1576 Infinitivum
927 1533 1171 1581 εὐδαιμονεῖν,
1187 1545 1276 1574 ver.
1298 1531 1339 1575 3.
1400 1530 1457 1574 Et
1476 1532 1657 1575 hocusi-

120 1593 265 1632 tatum
286 1591 331 1631 in
351 1587 505 1632 Votis:
539 1591 637 1632 vide
657 1590 887 1646 Aristoph.
906 1589 1021 1637 Ran.
1043 1589 1144 1632 914.
1177 1589 1279 1632 920.
1343 1589 1534 1632 Acharn.
1555 1589 1657 1631 250.

121 1648 198 1689 ubi
219 1649 331 1690 male
351 1649 616 1701 intelligitur
635 1662 644 1688 :
680 1647 894 1691 Herodot.
914 1663 955 1690 v.
984 1648 1077 1692 105.
1098 1656 1143 1690 et
1161 1646 1262 1689 Jac.
1285 1646 1557 1689 Gronovium
1573 1649 1654 1690 ibi.

122 1704 337 1760 Apposite
356 1706 413 1748 ad
439 1705 550 1747 Rem
580 1709 625 1747 et
658 1706 713 1748 ad
744 1705 1032 1749 locutionem
1065 1705 1229 1747 Noster
1251 1704 1411 1748 Electr.
1445 1704 1544 1748 805.
1577 1707 1655 1748 ubi

122 1761 367 1817 AEgisthus,
400 1765 446 1806 in
480 1764 657 1818 privato
688 1768 734 1807 et
762 1764 1006 1807 domestico
1041 1762 1268 1806 Sacrificio
1306 1764 1404 1819 ipse
1440 1776 1546 1806 suus
1576 1762 1659 1806 Sa-

119 1821 287 1873 cerdos,
316 1834 398 1876 pro
414 1834 461 1864 se
481 1823 543 1864 ita
563 1826 786 1876 precatur,

926 1978 1006 2009 bum
1022 1977 1123 2012 deest,
1139 1976 1284 2010 occurrit
1301 1963 1423 2010 Matth.
1440 1975 1569 2019 Evang.
1586 1978 1658 2012 ui.

123 1977 146 1996 ‘⁸
167 1987 284 2019 quens.
327 1978 494 2021 Exempla
519 1985 695 2012 occurrunt
718 1988 858 2020 sequen-

924 2024 956 2052 9.
978 2021 1099 2051 Ὡσαννὰ
1128 2023 1170 2061 τᾷ
1197 2022 1248 2061 ui?
1261 2019 1370 2058 Δαβῖ).
1408 2022 1573 2054 Intellexit
1596 2024 1661 2054 ΡΘ·

125 2023 149 2040 “
173 2021 239 2053 tia:
262 2020 384 2053 Matth.
413 2032 444 2054 v.
474 2025 526 2061 34,
544 2024 598 2054 39.
619 2022 702 2054 coll.
717 2032 788 2054 ver.
804 2026 858 2054 44.

125 2065 149 2082 ‘⁶
173 2064 400 2106 Hippocrates
413 2065 604 2106 aphorism.
618 2071 700 2097 sect.
712 2065 756 2097 iv.
771 2064 858 2097 locis

123 2108 150 2126 “
172 2108 241 2139 fere
254 2107 447 2141 innumeris.
490 2109 723 2141 Callimachus
733 2109 857 2150 hymno

123 2151 149 2168 “
173 2151 207 2183 in
224 2151 370 2184 Dianam
384 2162 454 2184 ver.
468 2154 545 2191 262,
559 2154 637 2191 264,
651 2154 727 2184 266.
759 2153 856 2184 Arte·

123 2195 148 2212 “
173 2193 322 2226 midorus
334 2195 379 2226 iv.
392 2199 425 2228 5.
449 2196 554 2235 Adde,
563 2206 638 2237 quae
653 2201 746 2229 notat
757 2195 856 2228 Wol-

124 2237 150 2255 “
171 2238 285 2270 flusad
296 2237 480 2271 Libanium
494 2238 594 2281 epist.
615 2241 664 2272 16.
680 2250 716 2280 p.
731 2241 784 2278 39,
800 2242 854 2271 40.

123 2281 150 2298 ‘¹
171 2281 270 2323 epist.
286 2283 341 2314 93.
357 2293 393 2323 p.
408 2282 508 2313 ‘2812’

167 2325 251 2357 Haec
266 2324 351 2356 olim
367 2325 623 2368 Schoettgenius
635 2325 769 2368 adjecit,
794 2327 854 2358 sed

127 2366 162 2399 in
182 2368 371 2410 posteriore
393 2369 543 2402 editione
556 2380 630 2410 sua,
651 2374 770 2411 quarta
793 2369 857 2401 sci·

124 2410 219 2450 licet,
234 2411 421 2453 expunxit:
443 2423 505 2445 nos
533 2422 612 2444 vero
638 2412 670 2446 in
698 2413 854 2454 praesenti

123 2453 286 2492 editione,
300 2461 336 2486 ut
348 2455 391 2487 de
403 2455 574 2496 prioribus
589 2457 689 2498 liujus
707 2456 777 2487 Viri
795 2467 855 2487 co-

122 2496 238 2538 gitatis
249 2497 351 2529 etiam
365 2505 507 2539 constet,
525 2500 591 2531 huc
608 2499 853 2532 revocavimus.

123 2539 239 2579 [Bona
260 2547 311 2572 est
335 2541 562 2585 Schoettgenii
582 2543 653 2575 haec
670 2543 854 2580 adnotatio,

124 2583 314 2632 cujusmodi
329 2584 453 2659 vellertn
479 2584 593 2659 ''3¹5⁸-
610 2585 780 2661 libelluiki‘ia
781 2587 853 2661 l1³35>-

122 2637 258 2659 sianum
286 2637 422 2660 ornasse
442 2651 450 2659 .
529 2639 641 2660 mnino
699 2640 736 2661 ro
807 2641 817 2660 ι
833 2640 853 2661 e

124 2670 213 2702 mihi
242 2670 291 2709 flt,
314 2670 496 2704 infinitivos
517 2671 610 2710 illos,
629 2639 716 2712 qugs
738 2673 854 2713 vulgo,

124 2718 162 2746 ut
175 2713 305 2749 maa-Es
318 2714 440 2754 dictos,
459 2715 599 2757 explent
621 2715 853 2747 subaudiendo

125 2754 263 2798 ιὸχσμσι,
292 2757 442 2798 λίσσομαι,
474 2758 591 2799 γίνοιτο,
619 2756 674 2794 δὸς,
697 2758 783 2797 θέλε,
804 2757 853 2795 δεῖ,

123 2798 194 2834 alia
209 2799 246 2832 id
259 2810 379 2842 genus,
405 2807 504 2844 prout
515 2807 574 2834 aut
596 2801 745 2843 optantis
766 2807 853 2841 sunt,

123 2848 182 2875 aut
203 2843 366 2886 jubentis,
387 2844 548 2886 reliquias
574 2855 649 2877 esse
677 2845 798 2887 priscae
818 2845 852 2877 in

121 2888 280 2920 struenda
288 2887 442 2922 oratione
450 2887 854 2931 simplicitatis,vicesque

124 2939 347 2970 gererenunc
367 2931 511 2973 optativi
536 2942 624 2966 nunc
650 2931 853 2975 imperativi.

126 2971 310 3015 Sensum]

169 3019 184 3040 ¹
205 3015 378 3059 Singulare
391 3019 600 3062 exemplum,
625 3018 684 3053 ubi
699 3018 763 3052 hoc
779 3029 852 3054 ver·

922 2070 992 2095 trus
1007 2064 1165 2095 Possinus
1178 2063 1338 2106 Spicileg.
1352 2064 1521 2106 Evang.c.
1537 2066 1591 2097 52.
1605 2066 1664 2097 in-

921 2108 1135 2139 commodam
1168 2119 1242 2140 esse
1278 2107 1364 2140 hanc
1401 2107 1657 2150 interpretatio-

920 2161 1010 2183 nem.
1040 2153 1172 2191 ..Ser-va,
1187 2153 1388 2193 ωαψς)
1403 2152 1529 2184 David.
1574 2154 1657 2185 Post

921 2194 1014 2227 varia
1037 2199 1147 2226 tamen
1174 2194 1208 2226 in
1238 2195 1325 2227 hanc
1350 2205 1420 2227 rem
1439 2196 1584 2228 adducta
1608 2207 1653 2228 eo

919 2239 1058 2270 tandem
1095 2237 1276 2277 delabitur,
1325 2245 1361 2271 ut
1391 2237 1495 2279 dicat,
1528 2239 1654 2271 ‘neuma

919 2287 998 2314 tunc
1014 2281 1177 2322 temporis
1188 2291 1210 2313 a
1227 2281 1355 2314 Judaeis
1365 2281 1478 2314 dictos·
1486 2281 1593 2314 fnisse
1601 2294 1656 2315 ra·—

918 2335 994 2357 mos
1007 2325 1215 2366 palmarum:
1236 2326 1330 2367 quod
1353 2334 1449 2367 aeque
1468 2325 1653 2358 absurdum

917 2373 978 2405 est,
992 2378 1032 2400 ac
1059 2367 1159 2407 illud,
1170 2370 1262 2410 quod
1286 2367 1433 2410 quidam.
1450 2368 1484 2401 in
1504 2369 1653 2402 tenebris

919 2412 1067 2453 Papatus
1090 2418 1168 2444 ante
1194 2417 1411 2444 restauratam
1428 2411 1654 2452 litteraturam

921 2454 1053 2486 Osanna
1069 2464 1188 2487 nomen
1200 2455 1366 2487 muliebre
1384 2455 1529 2497 putavit,
1543 2466 1653 2498 eoque

919 2508 1117 2540 campanam
1150 2509 1170 2530 a
1197 2510 1233 2530 se
1263 2498 1470 2540 baptizatam
1500 2501 1651 2533 vocavit.

918 2541 1028 2581 Cerne,
1059 2541 1119 2584 qui
1157 2542 1303 2583 Ellipsin
1334 2541 1390 2573 hic
1428 2542 1557 2581 statuit,
1588 2539 1652 2585 op-

918 2585 1002 2617 time
1017 2586 1192 2627 procedet,
1220 2585 1290 2617 ita:
1317 2586 1433 2623 Serta,
1448 2595 1652 2627 quaesumm,

920 2628 1078 2667 Domine,
1094 2628 1126 2660 id
1138 2630 1229 2670 quod
1241 2629 1475 2671 adprecamur,
1482 2630 1555 2670 filio
1572 2632 1650 2663 Da-

917 2673 1011 2704 viaelis.
1055 2671 1143 2704 Vide
1166 2673 1353 2714 plura,rne
1390 2671 1480 2703 ultra
1510 2674 1649 2705 modum

920 2714 1045 2756 prolixi
1073 2715 1190 2751 simus,
1215 2716 1317 2756 -apud
1339 2715 1574 2748 Groddeccum
1607 2719 1652 2749 de

919 2758 1112 2790 ceremonia
1139 2760 1328 2800 palmarum
1356 2768 1389 2789 c.
1404 2760 1438 2790 7.
1480 2759 1575 2792 Idem
1587 2770 1651 2792 au-

919 2807 987 2838 tem
1015 2802 1195 2835 nobiscum
1224 2811 1358 2844 quoque
1385 2801 1503 2834 statuit
1532 2803 1650 2836 Fen-‹2-

919 2845 990 2877 rius
1023 2847 1066 2877 de
1098 2844 1412 2877 Acclamationibus
1439 2845 1597 2878 Veterum
1623 2847 1650 2878 i.

919 2890 974 2924 21.
988 2894 1024 2922 et
1037 2888 1098 2922 vii.
1124 2891 1159 2921 9.
1179 2889 1239 2930 qui
1253 2887 1408 2930 pluribus
1426 2887 1504 2920 aliis
1524 2889 1652 2931 proba-

917 2938 998 2964 tum.
1017 2932 1122 2970 dedit,
1157 2939 1288 2965 veteres
1324 2930 1360 2963 in
1374 2954 1378 2957 ,
1393 2931 1650 2964 acclamationi-

917 2974 983 3007 bus
1004 2976 1195 3009 decurtatas
1222 2974 1414 3010 locutiones
1437 2974 1649 3009 adhibuisse.

916 3018 1134 3053 Senossr‘re.
1202 3028 1206 3032 ’

1345 3072 1417 3108 20
