1838 3164
205 147 234 188 4
545 131 547 134 ’
748 156 956 190 ELLIPSES
976 152 1167 190 GRAECAE.

206 261 387 313 μετέχειν
406 258 476 300 τινί
495 273 604 308 τινος,
632 271 721 300 una
739 271 833 299 cum
853 256 998 313 aliquo
1016 255 1167 297 habere
1185 252 1251 295 rei
1275 251 1476 309 alicujus,
1507 266 1567 295 sc.
1589 257 1718 312 μέρος,

199 323 399 375 partem:
428 316 496 358 vel
527 317 714 368 denique
745 328 844 356 cum
875 314 1070 356 Verbum
1102 314 1244 353 solum
1272 313 1470 366 ponitur,
1499 316 1577 353 ut:
1609 311 1718 366 φασὶ,

207 389 264 418 sc.
288 372 475 428 ἅνθρωποι
494 388 504 421 ;
535 376 696 422 πέμπειν
717 373 808 427 πρὸς
827 389 924 420 τινα,
961 384 1018 412 Sc.
1040 372 1241 418 οἷ’ῨΎέλουὲ.
1295 418 1297 420 Υ

263 434 287 458 *
316 430 367 472 In
397 433 478 472 hoc
507 444 680 484 quoque
720 429 896 470 Graecos
930 432 1172 480 sequuntur
1210 424 1396 467 Latini.·
1457 424 1635 468 sueton.
1671 428 1719 469 in

207 486 360 529 Claud.
378 502 476 543 cap.
497 490 553 530 xl.
582 486 695 542 quod
714 491 841 542 pater
858 485 952 540 ejus
974 482 1200 540 frigidam
1231 490 1343 539 aegro
1372 481 1458 529 sibi
1478 482 1722 540 tempestive

207 544 406 587 dedisset.
429 559 469 585 v.
501 546 555 586 in·
568 545 672 599 ὕδωρ.
731 541 963 583 Cornelius
997 540 1112 594 Nep.
1147 542 1224 582 vii.
1248 556 1284 582 c.
1314 538 1358 581 4.
1382 541 1418 596 ξ.
1439 541 1483 583 3.
1511 547 1554 583 et
1572 540 1622 583 in
1642 540 1719 583 tri-

204 615 373 650 remem,
395 616 484 658 quae
505 600 564 643 ad
584 615 679 642 eum
700 605 791 641 erat
818 597 1129 654 deportandum
1151 597 1295 650 missa,
1313 597 1516 640 ascendit.
1576 598 1720 641 Sicuti

207 657 351 702 Graeci
385 661 429 701 in
449 661 540 701 suis
571 658 815 699 rationibus
840 656 1105 697 vocabulum
1135 655 1330 711 δραχμαὶ,
1365 656 1432 698 ita
1452 655 1645 699 Romani
1676 656 1722 697 τὸ

206 715 445 767 Sestertius,
469 719 818 770 suppresserunt.
876 712 1091 754 Horatius
1110 713 1187 755 lib.
1211 715 1239 755 i.
1262 717 1344 756 sat.
1377 714 1442 756 iii.
1468 713 1535 756 15.

285 774 292 778 ”
606 769 742 813 decies
762 775 937 812 centena
954 769 1141 812 dedisses

377 830 498 873 Huic
509 831 656 886 parco,
673 827 828 885 paucis
848 833 1055 870 contento.

205 889 353 942 plene,
390 887 526 930 decies
559 892 732 928 centena
750 884 890 927 millia
918 885 1226 934 sestertiorum„
1276 884 1378 927 Pari
1409 886 1539 927 modo
1567 885 1615 928 in
1641 884 1721 928 Sa-

206 943 412 995 turnalia,
434 943 740 993 Bacchanalia,
774 941 1040 993 Quirinalia,
1074 945 1262 996 aliisque
1295 943 1557 986 subauditur
1581 942 1721 985 Festa.

207 1000 421 1044 Horatius
442 1003 516 1044 lib.
553 1003 581 1043 i.
606 1006 687 1043 sat.
717 1003 779 1042 ix.
811 1000 880 1043 35.
922 999 1104 1043 Ventum
1133 1006 1225 1042 erat
1245 1000 1304 1042 ad
1346 999 1489 1043 Vestoe.
1514 1015 1550 1042 s.
1572 1000 1718 1054 cedem.

206 1059 336 1114 Apud
355 1060 527 1101 eosdem
546 1072 719 1112 quoque
740 1057 1052 1100 Nominativus
1082 1062 1184 1100 ante
1203 1060 1383 1100 verbum
1404 1059 1576 1100 finitum'
1592 1059 1722 1100 omit-

205 1118 340 1158 titur:
374 1130 414 1156 e.
438 1130 479 1168 g.
500 1121 548 1156 ut
568 1115 708 1164 aiunt,
717 1114 889 1172 ferunt,
904 1130 936 1157 s.
954 1115 1156 1158 homines.
1189 1114 1393 1157 Scnwnn.
1601 1151 1610 1160 ,

262 1172 318 1215 Π.
350 1171 549 1215 Nominis
576 1171 813 1229 Adjectivi,
835 1175 952 1215 utin
982 1174 1042 1215 διὰ
1071 1175 1223 1230 χρόνου,
1258 1175 1397 1221 deest,
1430 1177 1594 1222 πολλοῦ,
1622 1177 1723 1229 post

201 1230 380 1284 longum
415 1235 592 1287 tempus.
654 1229 728 1281 Ἐξ
759 1234 922 1285 ὀνύχων,
949 1230 1002 1273 ab
1035 1230 1302 1287 unguiculis.
1345 1231 1510 1272 subint.
1543 1231 1722 1278 ἁπαλῶν,

202 1287 373 1330 teneris.
467 1298 470 1303 ’

262 1349 286 1371 ³¹⁵
317 1345 445 1387 Hane
466 1346 643 1400 ellipsin
662 1347 951 1401 posteriorem
973 1347 1105 1388 habet
1126 1359 1302 1400 quoque
1317 1344 1533 1400 Virgilius
1557 1343 1722 1399 Georg.

204 1403 281 1445 lib.
297 1403 344 1445 ii.
366 1417 407 1444 V.
429 1403 530 1444 272.
1244 1451 1248 1455 .
1580 1418 1586 1429 1

372 1459 549 1502 ——Adeo
571 1475 598 1502 a
619 1459 774 1503 teneris
789 1474 1052 1504 consuescere
1065 1460 1245 1502 multum
1259 1468 1335 1503 est.

204 1515 481 1582 Quamquam
521 1520 638 1560 enim
673 1520 744 1561 hic
778 1520 1049 1561 commodius
1081 1519 1197 1559 forte
1233 1520 1524 1572 intelligatur,
1558 1516 1721 1566 annis;

201 1575 277 1615 vix
292 1579 440 1616 tamen
459 1576 672 1624 dubitem,
696 1576 878 1618 Po‘etam
900 1578 1030 1619 simul
1065 1578 1308 1630 respexisse
1329 1577 1451 1617 illam
1471 1577 1723 1630 proverbia-

202 1632 289 1672 lem
324 1632 576 1676 Graecorum
610 1635 895 1683 locutionem,
932 1634 972 1684 ἐξ
1008 1636 1168 1675 ἁπαλῶν
1205 1637 1367 1687 ὀνύχων,
1404 1647 1538 1687 quam
1578 1633 1723 1675 reddit

205 1687 359 1731 Cicero
403 1692 448 1732 in
495 1693 670 1746 epistol.
716 1693 773 1734 ad
821 1693 907 1735 div.
959 1693 1032 1734 lib.
1075 1692 1104 1732 i.
1147 1691 1188 1733 6.
1222 1705 1250 1734 a
1271 1691 1424 1734 teneris
1456 1690 1721 1747 unguiculis.

184 1744 416 1790 Scnwmz.

259 1803 338 1846 ΠΙ.
371 1804 625 1864 Particz'pz'i.
686 1807 732 1849 Ε.
769 1821 832 1861 gr.
867 1807 930 1855 ὧν,
962 1808 1028 1849 vel
1057 1806 1234 1856 1γεγονὼς,
1269 1807 1337 1847 vel
1376 1807 1571 1856 «γενόμενος
1603 1819 1721 1860 saepe

200 1860 340 1911 deest,
355 1868 405 1904 ut
422 1863 557 1920 Πάτερ
574 1867 683 1914 ἡμῶν
706 1868 722 1905 ὁ
744 1867 778 1906 ἐν
799 1869 877 1906 τοῖς
897 1868 1075 1921 οὐρανοῖς,
1094 1878 1153 1906 sc.
1176 1864 1237 1905 ὧν.
1298 1862 1355 1904 Οἱ
1378 1866 1412 1904 ἐν
1432 1870 1486 1920 τῷ
1512 1867 1627 1916 τέλει,
1659 1877 1721 1906 sc.

134 1947 136 1949 -
202 1917 320 1966 ’dvi-25,
343 1920 418 1975 qui
449 1920 497 1963 in
529 1921 747 1978 dignitate
772 1929 871 1964 sunt
902 1921 1126 1965 constituti
1143 1936 1158 1970 ;
1189 1919 1491 1976 Magistratus.
1553 1921 1611 1963 Οἱ
1640 1919 1726 1979 περὶ

202 1974 265 2016 τὸν
281 1976 458 2026 Παῦλον,
480 1993 538 2020 sc.
562 1980 681 2028 ὅντες,
700 1980 778 2036 qui
797 1980 912 2022 circa
934 1979 1126 2026 Paulum
1146 1985 1268 2021 erant
1287 1993 1301 2026 ;
1333 1978 1507 2020 comites
1526 1976 1666 2020 Pauli
1672 1976 1702 2020 α.

259 2033 285 2058 ²*
331 2033 605 2090 Quamquam
638 2039 754 2092 apud
784 2037 969 2079 Latinos
1003 2038 1288 2093 participium
1325 2050 1396 2079 ens
1433 2038 1488 2078 ab
1521 2049 1624 2084 esse,
1655 2035 1723 2078 vel

203 2088 389 2132 eoeistens
418 2095 535 2147 apud
555 2097 759 2148 probatos
789 2100 989 2150 auctores
1010 2108 1266 2149 expressum
1293 2106 1379 2136 non
1396 2095 1644 2148 reperitur:
1678 2094 1725 2134 in

203 2151 434 2202 permultis
464 2156 610 2193 tamen
640 2154 745 2194 locis
777 2154 1022 2200 subaudiri,
1055 2153 1324 2206 optimorum
1359 2153 1622 2206 scriptorum
1651 2163 1726 2191 ex-

205 2206 353 2258 empla
380 2207 511 2249 facile
531 2211 739 2252 evincunt
759 2225 769 2257 ς
803 2217 852 2253 ut
881 2213 975 2264 Jam
998 2211 1104 2251 olim
1133 2213 1345 2251 notarunt
1366 2207 1623 2250 Priscianus
1643 2207 1723 2248 lib.

203 2263 328 2303 xviii.
355 2277 448 2318 cap.
485 2264 520 2305 1.
583 2265 911 2314 Quinctilianus
933 2265 1080 2311 Instit.
1104 2263 1227 2307 Orat.
1262 2267 1339 2306 lib.
1359 2266 1450 2307 viii.
1473 2278 1571 2320 cap.
1603 2265 1646 2307 3.
1679 2278 1724 2319 p.

207 2318 306 2361 690.
328 2333 438 2374 quos
459 2323 608 2365 laudat
622 2324 880 2367 Perizonius
911 2327 967 2368 ad
988 2325 1156 2367 Sanc-tii
1179 2323 1368 2366 Minerv.
1383 2323 1462 2364 lib.
1481 2320 1659 2378 ivscap.
1677 2320 1723 2364 4.

250 2466 267 2487 ‘¹
295 2466 526 2499 Observandus
547 2476 595 2501 est
612 2471 676 2502 hoc
701 2473 778 2504 loeo
793 2473 929 2514 quidam
1085 2474 1151 2504 θαι-

204 2508 424 2557 plurimarum
435 2510 622 2551 linguarum
635 2514 932 2557 idiotismusquan-
1043 2517 1239 2548 cutm-vatim
1243 2515 1442 2557 festinabant
1450 2515 1495 2546 ad
1501 2524 1632 2546 sacram
1641 2513 1727 2545 diem

206 2552 251 2582 do
260 2557 374 2599 'tertiae
396 2562 545 2593 personae
573 2557 711 2588 verbum
736 2559 928 2597 adhibetur,
1081 2561 1142 2591 ire.
1165 2580 1167 2584 ·

207 2594 269 2625 ubi
290 2594 503 2643 subintelligi
531 2599 629 2630 debet
657 2601 804 2641 ejusdem
831 2603 927 2635 verbi
946 2607 954 2614 ‘
995 2601 1070 2634 scil.
1086 2602 1110 2632 οἱ
1123 2599 1297 2635 σπεύδοντες.
1343 2599 1450 2632 Divus
1476 2599 1584 2632 Lucas
1609 2599 1725 2630 Actor.
1767 2640 1772 2643 Δ

207 2636 431 2686 Participlum
458 2640 615 2673 Praesens.
662 2644 831 2676 inculcant
858 2646 925 2677 hoc
993 2655 1027 2676 x.
1055 2648 1108 2677 39.
1154 2645 1180 2675 ἓν
1207 2646 1314 2675 ἀνεῖλον
1337 2644 1532 2686 agapitam-u
1556 2642 1603 2673 lxi
1626 2639 1725 2680 ξύλον.

207 2679 334 2721 plumes
350 2691 382 2711 m
398 2681 575 2729 ιΠθὶοηῑίοῐε
603 2685 765 2725 Rabbini,
794 2688 926 2720 Rasche
993 2688 1208 2720 Matt.v.11.
1241 2686 1378 2729 μακάριοί
1404 2688 1476 2722 ἔστι,
1503 2685 1573 2716 ἵει-αν
1595 2682 1726 2716 ὄνυδίην-

206 2723 249 2753 ad
263 2723 381 2754 Genes.
397 2734 418 2754 1.
439 2725 466 2754 l.
483 2733 514 2757 et
530 2728 639 2760 xlviii.
668 2731 695 2759 l.
723 2734 753 2760 2.
801 2732 842 2761 R·
858 2731 923 2762 Sal.
992 2743 1032 2761 σιν
1048 2731 1133 2771 ’3μᾶςῖ
1158 2742 1204 2763 sc.
1228 2730 1251 2761 οἷ
1273 2729 1450 2769 ὀνειδίζοντες.
1506 2729 1598 2759 Adde
1621 2727 1721 2759 Lucae

207 2765 289 2796 Ben.
306 2765 440 2797 Meleeh
465 2769 505 2798 ad
532 2769 621 2802 Jesa.
639 2771 675 2802 ii.
692 2775 723 2802 4.
750 2779 781 2804 et
796 2774 870 2804 viii.
899 2778 930 2805 4.
998 2773 1060 2805 xii.
1078 2777 1131 2806 20.
1156 2774 1226 2805 xvi.
1254 2775 1284 2804 9.
1330 2772 1492 2811 Quamvis
1505 2782 1571 2803 non
1593 2779 1725 2811 negem,

206 2808 296 2858 apud
307 2819 391 2849 quos
401 2811 555 2857 exempla
566 2821 703 2853 possunt
715 2817 838 2847 evolvi.
862 2817 932 2849 Nos
999 2827 1098 2857 posse
1121 2817 1223 2848 etiam
1236 2817 1415 2857 aliquando
1429 2825 1548 2847 vocem
1574 2814 1723 2856 ἄνθρωπε

205 2861 275 2893 Jam
289 2851 330 2882 de
353 2852 479 2884 Graecis
504 2855 628 2888 erimus
654 2858 808 2890 solliciti.
855 2860 932 2892 Mu·
999 2859 1223 2902 subintelligi.
1282 2860 1491 2891 Scuoz‘rro.
1552 2855 1726 2889 Posterior

209 2904 295 2926 saeus
310 2905 395 2926 vers.
413 2897 465 2926 44.
999 2903 1085 2934 ratio
1122 2902 1326 2946 simplicior,
1364 2901 1506 2944 ideoque
1541 2899 1725 2943 probanda·

253 2935 399 2980 Πασσυδίῃ
428 2935 451 2969 ὃ·
472 2938 602 2973 ’ἔσπευδον
627 2942 652 2978 ἐς
676 2943 742 2987 heiu
764 2944 842 2989 ἧμας
857 2944 936 2978 ἱκέσ·
999 2946 1160 2978 SCHAEF.
