1838 3164
153 90 216 133 30
489 94 818 144 PLEONASMI
845 94 1371 142 SUBSTAN'PIVORUM.

159 210 244 249 etc.
267 210 312 251 et
330 210 522 309 igiaxxime
543 211 663 267 quod
683 212 730 254 in
760 212 906 254 media
944 213 1144 256 oratione
1178 226 1297 270 saepe
1333 211 1596 269 simpliciter
1622 207 1690 256 di·

160 271 295 308 cunt:
331 266 420 310 ωᾶν
466 287 518 313 ες.
1004 301 1009 306 -
1096 289 1101 292 ’

217 323 260 366 2.
292 288 591 381 Οοῐῇιιῐξιςὶωι·
613 328 729 372 idem
764 341 866 370 cum
897 341 1014 370 nom.
1051 329 1327 372 substantivo
1347 329 1573 372 hominem
1603 330 1688 384 sig·-

161 383 373 427 nificante
391 386 437 429 in
458 387 610 441 aliqua
629 387 881 429 conditione
902 387 1004 429 vitae
1024 387 1330 436 constitutum,
1352 392 1431 430 aut
1449 386 1579 430 certae
1599 388 1687 437 arti

160 440 396 496 studioque
426 443 641 487 deditum.
714 443 853 485 Thuc.
891 444 954 485 iii.
998 443 1069 486 29.
1115 445 1206 501 ἀνὴρ
1240 447 1380 494 μάντις
1419 443 1615 487 AEschin.
1648 458 1688 488 c.

160 496 357 555 Ctesiph.
380 505 494 544 extr.
527 502 619 558 ἀνὴρ
639 501 782 558 ῥήτωρ.
816 500 978 544 AElian.
1000 501 1053 544 V.
1076 499 1134 543 H.
1154 505 1245 547 xiv.
1269 503 1342 546 20.
1370 503 1464 560 ἀνὴρ
1484 502 1687 553 παιδαγω·

155 557 239 606 tyris.
319 556 503 602 Lucian.
541 559 757 614 Halcyon.
792 560 890 601 init.
944 559 1122 614 κουρίδιος
1152 563 1190 601 α’.
1266 561 1568 615 Pseudosoph.
1614 560 1683 604 12.

157 619 408 670 συγγραφεύς.
469 616 586 660 Dial.
604 620 732 660 mort.
755 631 800 672 p.
823 617 924 659 233.
946 618 1129 665 βουκόλος
1144 622 1226 661 etc.
1287 618 1339 661 In
1356 620 1425 662 his
1447 619 1578 667 nihil,
1596 619 1684 662 nisi

154 670 371 716 hominem
392 676 448 718 ab
466 676 599 717 initio
620 676 793 718 videtur
813 675 1098 727 significasse,
1131 681 1396 731 usurpatum
1419 677 1684 721 subtilitatis

153 743 306 788 causa,
327 737 486 786 postea
504 747 608 775 vero
626 735 839 775 mansisse
859 734 905 774 in
925 746 1008 774 usu
1039 733 1262 786 loquendi.
1321 735 1441 778 Nam
1461 739 1507 776 et
1540 733 1687 790 ἐχθρὸς

155 791 193 831 02.
219 789 382 832 dicitur
402 788 604 846 Xenoph.
644 789 756 845 Exp.
796 789 899 846 Cyri
922 792 949 831 i.
969 790 1015 839 3,
1035 790 1108 832 20.
1144 793 1260 834 sicut
1291 792 1436 849 ἐχθρὸς
1469 790 1682 848 ἅνθρωπος,

153 843 316 888 Matth.
338 849 436 891 xiii.
458 849 530 891 28.
589 847 702 891 Vide
724 848 840 902 Isag.
865 849 904 903 ἓ.
934 847 996 891 14.
1020 853 1065 890 et
1095 847 1166 890 20.

207 904 251 946 3.
285 904 375 947 Ubi
406 906 463 948 ὅδε
497 906 588 961 ἀνὴρ
621 907 798 960 ponitur
828 920 910 961 pro
943 905 1035 955 ἐγὼ,
1071 910 1123 949 ut
1143 905 1335 961 AEschyl.
1373 907 1419 948 in
1441 906 1623 962 Septem
1643 921 1680 949 c.-

154 961 242 1003 Th.
264 960 365 1005 657.
388 969 433 1006 et
450 963 668 1019 Sophocl„
682 965 755 1018 Aj.
776 964 874 1006 833.
898 965 1094 1006 sufficere
1116 965 1217 1018 quis
1234 967 1361 1020 putet
1382 963 1457 1013 ὅδε,
1487 972 1540 1008 ut
1560 966 1682 1010 nulla

151 1020 211 1062 sit
231 1033 381 1070 causa,
403 1036 481 1064 cur
501 1035 662 1065 nomen
682 1023 934 1076 adjiciatur.
968 1021 1055 1063 Sed
1071 1036 1172 1064 cum
1187 1024 1245 1071 ei,
1262 1024 1339 1076 qui
1352 1023 1460 1064 illud
1475 1028 1681 1079 usurpat,

150 1089 327 1120 necesse
357 1081 415 1121 sit
445 1085 570 1134 gestu
601 1094 648 1121 se
682 1082 831 1135 ipsum
864 1082 1184 1128 demonstrare,
1216 1081 1501 1134 ambiguitati
1531 1095 1682 1123 occur-

150 1136 210 1176 rit
245 1137 379 1180 verbo
406 1137 534 1194 ἀνδρὸς
565 1138 733 1181 addito.
793 1138 923 1187 Quod
955 1139 993 1181 si
1026 1138 1085 1180 ὅδε
1123 1140 1388 1193 simpliciter
1427 1138 1680 1188 adhiberet,
1726 1153 1728 1155 ’

150 1198 299 1248 posset
319 1195 383 1243 id,
413 1197 530 1250 quod
551 1197 598 1238 in
625 1210 809 1252 corpore
841 1198 975 1251 gerit,
1005 1200 1085 1239 aut
1105 1210 1208 1251 pars
1230 1197 1428 1251 eorporis
1447 1201 1575 1250 gestu
1605 1197 1681 1239 de-

150 1256 416 1351 Ξὶοῃεῐπᾶῐα,
435 1259 485 1296 ut
505 1256 727 1308 στόμαχος,
758 1255 964 1308 intelligi.
1027 1255 1177 1297 Latini
1197 1259 1242 1297 et
1273 1253 1346 1297 hio
1364 1255 1518 1300 dicunt
1547 1258 1592 1299 et
1610 1253 1683 1299 hio

180 1323 287 1352 omo.

207 1367 379 1411 Addere
410 1371 454 1411 h.
490 1371 520 1411 1.
557 1370 701 1412 visum
727 1373 810 1418 est,
842 1384 940 1423 quae
971 1370 1206 1412 Schwebel.
1245 1370 1302 1411 ad
1334 1369 1558 1415 Lamberti
1591 1368 1679 1413 Bos

150 1423 338 1481 Ellipses
368 1440 411 1482 p.
442 1427 515 1470 21.
553 1434 731 1472 monet:
783 1435 812 1453 “
832 1427 927 1470 Nec
947 1428 1167 1483 tempus,”
1185 1428 1347 1481 inquit,
1368 1432 1396 1454 “
1413 1441 1493 1470 nec
1519 1428 1678 1471 charta

153 1487 186 1508 “
218 1485 451 1534 sufficeret,
496 1487 531 1529 si
565 1487 633 1528 vel
669 1487 842 1541 potiora
878 1487 1009 1541 hujus
1041 1487 1245 1540 ellipseos
1279 1485 1447 1541 (ἀνδρὸς)
1475 1485 1678 1539 exempla

152 1547 182 1567 “
214 1543 261 1584 in
281 1544 476 1585 medium
491 1545 690 1599 proferre
711 1545 936 1586 vellemus.
996 1542 1047 1585 In
1068 1544 1298 1598 permultis
1333 1544 1566 1597 adjectivis
1598 1543 1679 1586 ab·

152 1605 184 1625 ‘⁶
216 1602 358 1643 solute
376 1603 535 1656 positis
557 1602 820 1644 subauditur
840 1602 951 1657 ἀνὴρ,
985 1615 1083 1655 quae
1102 1613 1188 1641 vox
1220 1602 1358 1643 etiam
1392 1600 1581 1645 subinde
1600 1613 1677 1642 ex·

151 1664 183 1687 ‘⁶
215 1672 368 1713 pressa
389 1660 624 1714 reperitur,
647 1673 685 1702 e.
709 1674 752 1713 g.
775 1661 822 1701 in
843 1661 969 1712 φίλος,
989 1662 1081 1707 νέος,
1102 1657 1254 1713 βροτὸς,
1278 1657 1438 1715 ἐχθρὸς,
1459 1657 1675 1706 πολιτικὸς,

152 1722 182 1741 “
214 1716 411 1765 βασιλικὸς
446 1718 562 1759 etc.''
649 1718 864 1772 Apparet,
908 1731 987 1759 nos
1028 1718 1099 1759 hic
1135 1716 1259 1758 tricis
1303 1717 1507 1771 impediri
1545 1729 1677 1771 posse

151 1774 456 1817 odiosissimis.
517 1775 636 1817 Nam
671 1777 709 1818 si
739 1789 820 1831 pro
853 1776 1075 1820 sententia
1111 1777 1263 1817 nostra
1299 1787 1500 1829 pugnare
1545 1775 1677 1821 velle,

148 1845 263 1879 mus,
297 1846 480 1888 prorsus
507 1835 739 1887 λογομαχίᾳ
771 1834 848 1875 illa
887 1834 1233 1888 implicaremur,
1267 1844 1401 1884 quam
1433 1830 1676 1877 Werenfeh

151 1891 243 1931 sius
263 1892 477 1945 peculiari
492 1890 604 1932 libro
625 1892 887 1944 exagitavit.
949 1891 1245 1932 Schwebelius
1280 1890 1448 1932 scilicet
1482 1889 1677 1943 intelligi

146 1949 324 1990 volebat
357 1947 612 1991 sententiam
648 1948 872 1991 dialectice
894 1947 1072 2006 plenam
1091 1954 1131 1990 et
1143 1947 1277 2004 plane
1301 1946 1484 2003 politam
1502 1946 1678 2002 (quam-

147 2018 282 2058 quam
303 2007 385 2049 hoc
415 2007 511 2063 ipse
544 2020 632 2049 non
666 2008 816 2062 prodit
832 2009 864 2063 ;)
896 2020 974 2048 nos
1006 2010 1180 2049 tantum
1207 2018 1288 2061 pro
1318 2010 1447 2062 captu
1471 2003 1678 2062 populari

142 2062 335 2119 plenam,
355 2078 433 2106 nec
445 2064 579 2121 plane
593 2063 794 2121 politam.
856 2064 957 2106 Vid.
982 2063 1099 2117 Isag.
1134 2067 1168 2117 §.
1189 2062 1234 2104 3.
1257 2067 1302 2105 et
1329 2063 1394 2104 18.
1417 2067 1532 2105 extr.
1593 2062 1676 2104 Sed

148 2122 196 2162 in
216 2123 296 2164 tali
315 2122 619 2178 disputatione
648 2124 781 2171 ultra,
801 2135 934 2176 quam
954 2136 1025 2165 res
1055 2123 1245 2174 flagitat,
1275 2121 1674 2176 philosophandum

148 2192 235 2221 non
255 2184 389 2235 puto:
423 2180 555 2235 idque
575 2182 763 2235 ingenue
781 2181 982 2236 pluribus
1005 2181 1130 2228 locis,
1143 2185 1188 2221 et
1206 2181 1395 2221 maxime
1415 2177 1511 2245 §.fh
1532 2182 1578 2220 et
1601 2177 1670 2220 18.

147 2242 258 2280 extr.
282 2239 506 2294 professus
529 2252 643 2281 sum.

725 2376 1086 2429 ΑΝΘΡΩΠΟΣ.

170 2487 171 2490 ’
204 2473 352 2530 Hujus
386 2480 453 2518 est
481 2476 527 2518 in
562 2476 819 2536 pleonasmo
853 2475 1003 2516 eadem
1031 2474 1115 2520 vis,
1145 2483 1278 2524 quam
1311 2469 1503 2512 vidimus
1528 2467 1672 2524 ἀνδρὸς,

149 2533 197 2576 S.
218 2534 260 2576 2.
281 2533 399 2576 Palae
434 2535 477 2580 h.
496 2531 569 2575 44.
604 2532 803 2589 ἄνθρωπος
830 2535 947 2588 γέρων
968 2530 1033 2572 καὶ
1054 2528 1231 2574 ἀσθενής.
1296 2527 1461 2570 Matth.
1497 2525 1667 2583 Evang-

147 2591 271 2634 Xviii.
291 2592 362 2634 23.
393 2589 575 2641 ωμοίώὲν)
594 2623 603 2632 .
627 2622 635 2631 .
657 2623 666 2632 .
684 2589 871 2647 ἀνθρώπῳ
892 2591 1056 2639 βασιλεῖ.
1118 2587 1193 2629 Sic
1221 2586 1370 2629 Latini
1393 2600 1403 2633 ζ
1434 2589 1486 2627 ut
1521 2583 1666 2626 Plaut-

148 2649 308 2695 Bacch.
330 2651 361 2691 i.
384 2649 429 2698 2,
449 2649 520 2692 32.
542 2654 586 2691 et
605 2648 673 2690 55.
705 2647 827 2690 homo
849 2645 1198 2690 adolescentulus.
1259 2643 1354 2686 Cic.
1375 2643 1508 2686 Tusc.
1529 2655 1570 2684 v„
1591 2640 1665 2682 23.

145 2708 269 2751 lzomo
289 2706 496 2763 Arpinas.
558 2707 691 2749 Arch.
718 2705 784 2747 10.
817 2703 991 2748 Radius
1009 2703 1051 2747 Ιι.
1071 2704 1124 2745 de
1144 2717 1208 2744 or.
1231 2704 1278 2744 ii.
1309 2700 1371 2743 18.
1409 2749 1414 2754 ,
1434 2699 1604 2742 Graecus
1623 2697 1666 2740 k.

143 2764 196 2809 In
227 2767 298 2808 his
332 2759 558 2807 Ciceronis
589 2764 817 2806 minuendi
836 2764 1015 2818 quidem
1044 2774 1178 2804 causa
1204 2759 1326 2802 homo
1353 2759 1556 2800 additur:
1590 2755 1668 2797 sed

142 2830 291 2868 tamen
309 2821 500 2867 conditio
522 2824 629 2864 item
650 2822 842 2863 hominis
861 2821 1150 2873 significatur,
1172 2822 1217 2860 et
1231 2818 1406 2871 quidem
1427 2819 1608 2858 externa
1627 2826 1664 2855 S.

141 2885 303 2932 civilis,
343 2895 445 2925 cum
480 2882 526 2923 in
564 2879 711 2922 Plauti
745 2880 840 2920 loco
874 2880 933 2920 sit
969 2877 1203 2929 naturalis,
1236 2875 1312 2920 ubi
1348 2887 1454 2924 nox,
1489 2873 1664 2923 mulier,

139 2942 296 2986 vinum
309 2939 635 2986 adolescentulo
654 2937 851 2995 praebent
870 2936 1117 2983 illecebras.
