1838 3164
143 116 231 159 312
574 159 576 161 .
684 129 881 165 ELLIPSIS
901 127 1135 163 NOMINUM.

152 233 243 275 illis
277 231 463 276 Homeri
495 233 604 275 ὕδατί
639 233 972 287 intelligendum
1007 245 1102 274 esse
1122 230 1261 273 docet.
1323 227 1542 272 Homerus
1571 230 1668 285 ipse

150 290 282 333 Iliad.
307 291 366 333 Π.
389 305 431 333 v.
456 290 554 333 669.
577 293 704 344 dixit,
1462 287 1465 290 ’

1035 364 1053 388 b

558 373 688 410 λοῦσον
707 370 901 416 ποταμοῖο
921 368 1024 423 ῥοῇσι
1055 398 1064 407 .

156 444 268 500 [ΑΙίἰ
303 446 660 499 praepositionem
693 443 979 485 subaudiunt.
1058 441 1197 483 Schol.
1234 439 1342 482 Ven.
1375 440 1430 481 ad
1463 437 1590 480 Iliad.
1616 433 1669 477 E.

156 516 198 544 V.
237 502 278 544 6.
307 503 523 547 Ὠκεανοῖο.
559 503 681 543 λείπει
712 502 736 545 ’ἡ
768 499 822 550 ἐξ.
883 499 987 554 (Sed
1026 501 1138 542 idem
1174 500 1230 540 ad
1269 497 1319 539 Z.
1347 512 1386 537 v.
1421 495 1520 538 508.
1550 495 1672 535 λείπει

155 560 303 616 ὕδατι.)
362 560 436 601 Sic
460 558 641 601 Homer.
663 557 826 613 Hymn.
863 560 1001 600 xxxii.
1039 559 1083 599 in
1118 556 1229 599 Lun.
1263 570 1301 597 v.
1338 555 1376 596 7.
1408 556 1476 596 ἀπ’
1503 555 1674 595 ὠκεανοῖο

156 613 393 672 λοεσησαμὲνὴ
414 620 519 674 χρόα
539 618 672 662 καλόν.
736 615 962 657 Himerius
981 630 1022 670 p.
1046 615 1144 657 742.
1179 615 1218 658 ἐξ
1240 616 1399 657 ὠκεανοῦ
1431 613 1674 660 λουσάμενος.

158 675 289 717 Conf.
323 675 529 730 Apollon.
566 674 710 716 Rhod.
751 675 813 715 iii.
857 688 941 716 ver.
985 673 1084 715 876.
1118 676 1294 729 λιαροῖσιν
1330 673 1385 725 ἐφ’
1421 670 1526 713 ὕδασι
1562 667 1676 723 Παρ-

155 731 290 774 θενίοιο·
308 732 387 775 Ἠὲ
408 733 472 777 καὶ
487 734 684 782 &Ammon
705 735 937 780 λοεσσαμένη
964 735 1167 780 ποταμοῖο.
1229 729 1410 771 Rectius
1430 741 1529 770 cum
1553 725 1675 767 Mus·

157 793 312 844 gravio
330 792 385 832 ad
406 790 603 846 Euripid.
626 789 771 845 Iphig.
794 790 895 831 Aul.
917 804 954 831 v.
984 789 1106 833 1078.
1131 788 1236 831 nihil
1255 789 1384 842 plane
1404 786 1642 828 subaudias
1661 796 1671 823 :

156 853 210 902 >ut
230 851 349 890 λούειν
385 850 558 902 aliaque
590 848 749 891 similis
783 849 1118 902 significationis
1153 848 1287 887 verba
1317 846 1550 894 §rideantur
1580 854 1676 883 esse

157 919 213 947 ex
234 919 416 948 numero
446 901 640 954 illorum,
672 920 770 960 quae
802 920 916 947 nunc
945 906 1187 958 genitivum
1218 910 1394 956 regunt,
1422 914 1538 943 nunc
1562 900 1677 941 ‹lati-

157 976 279 1011 vum‚
303 977 418 1005 nunc
453 970 668 1018 praeterea
700 965 948 1005 adsciscunt
979 962 1351 1017 praepositi011em.
1412 958 1677 1009 Eademque,

156 1021 330 1075 opinor,
353 1021 573 1063 sententia
592 1022 681 1062 fuit
703 1019 959 1062 Scholiasta:
980 1019 1137 1061 Veneti
1158 1018 1213 1060 ad
1234 1017 1519 1073 posteriorem
1538 1017 1679 1056 locum

158 1077 335 1120 Iliadis:
369 1083 472 1133 post
500 1079 634 1120 verba
661 1080 798 1124 enim,
829 1091 927 1131 quae
948 1078 1101 1119 citavit
1118 1077 1142 1122 ἢ
1159 1075 1339 1124 ποταμὸν
1351 1072 1684 1128 ei'pmminquit,

159 1136 297 1177 τὸτοῦ
330 1140 515 1181 ποταμοῦ
547 1135 671 1188 ὕδωρε
705 1135 993 1179 submonens,
1031 1135 1075 1172 ni
1096 1134 1242 1180 fallor,
1264 1134 1302 1174 si
1343 1131 1425 1172 hoc
1459 1129 1587 1171 modo
1613 1131 1678 1171 in·

153 1193 348 1246 telligas,
369 1191 482 1232 nihil
498 1189 722 1231 subaudiri
744 1195 959 1244 oportere.
993 1189 1222 1243 SCHAEF]

215 1249 327 1291 Sunt
344 1252 388 1290 et
416 1249 514 1289 aliae
544 1247 821 1300 loquutiones
853 1247 1026 1294 Atticae,
1059 1248 1103 1287 in
1134 1249 1296 1300 quibus
1326 1246 1536 1295 reticetur
1566 1244 1679 1300 ὕδωρ,

157 1312 209 1349 ut
228 1307 345 1362 apud
366 1305 611 1348 Lucianum
634 1306 679 1346 in
703 1304 858 1345 Gallo:
893 1309 936 1346 et
959 1303 1033 1345 Bis
1051 1304 1266 1345 Accusato
1287 1318 1331 1358 p.
1354 1304 1454 1346 223.
1509 1302 1684 1345 Ἐκείνης

158 1366 235 1420 γάρ
252 1366 296 1406 τό
316 1382 359 1413 γε
382 1369 441 1405 νῦν
461 1365 536 1418 ῥέον
562 1363 641 1418 (sc.
660 1362 797 1418 ὕδωξ)ε
848 1360 974 1406 Illius
1000 1375 1113 1402 ‘nunc
1130 1361 1240 1416 fluit
1267 1361 1436 1418 (aqua.)
1493 1360 1549 1402 Et
1577 1373 1680 1415 pag.

159 1421 259 1465 224.
287 1421 405 1470 Ἐμοὶ
441 1423 610 1476 ῥευσάτω
645 1419 725 1473 (sc.
757 1419 893 1475 ὕδωρ);
930 1418 1052 1460 Mihi
1066 1419 1185 1474 fluat
1214 1419 1386 1475 (aqua.)
1446 1418 1683 1474 Perperam

158 1486 396 1532 utrumque
434 1481 579 1520 locum
609 1478 822 1520 convertit
861 1476 1099 1531 Interpres‚
1138 1478 1358 1531 priorem:
1409 1476 1553 1525 Mlius,
1593 1488 1684 1531 quae

157 1552 271 1581 nunc
282 1537 405 1593 fluit,
439 1536 589 1579 oratio.
623 1538 937 1591 posteriorem:
977 1534 1230 1577 Per-oratum
1269 1550 1296 1577 a
1326 1549 1392 1577 me
1421 1541 1519 1577 esto.
1595 1534 1683 1576 Sed

159 1601 328 1639 certum
348 1600 433 1643 est,
453 1597 564 1636 verti
587 1595 747 1635 debere
779 1595 857 1641 ita,
892 1599 942 1634 ut
973 1594 1084 1641 dixi,
1121 1599 1164 1634 et
1199 1593 1427 1634 subaudiri
1464 1591 1578 1648 ὕδωρ.
1631 1590 1683 1634 In

157 1655 340 1710 judiciis
373 1654 492 1694 enim
523 1653 641 1706 apud
670 1651 964 1693 Athenienses
996 1656 1183 1705 tempus.
1202 1652 1375 1702 dicendi
1398 1659 1442 1692 et
1475 1651 1613 1692 actori
1641 1654 1686 1692 et

163 1727 239 1755 reo
258 1711 485 1766 clepsydra
505 1711 643 1752 fuisse
677 1710 924 1756 definitum,
961 1722 1029 1751 res
1067 1714 1133 1749 est
1166 1710 1396 1750 notissima
1434 1722 1487 1749 ex
1517 1709 1685 1750 Aristo-

164 1771 311 1826 phane
349 1773 394 1810 et
428 1768 541 1809 aliis.
602 1767 756 1809 Paullo
786 1771 887 1821 post
915 1768 1033 1821 apud
1061 1766 1327 1808 Lucianum:
1350 1765 1506 1819 ’ΈΎχει
1538 1766 1583 1807 τὸ
1614 1765 1686 1807 ἴσον

166 1827 331 1883 (ὕδωρ)ε
385 1825 542 1867 Parem
564 1823 750 1883 infunde
774 1825 993 1881 (aquam.)
1051 1825 1187 1872 Nota,
1222 1826 1338 1877 quod
1372 1824 1415 1864 τὸ
1446 1824 1517 1865 ἴσον
1538 1824 1684 1867 dicat:

170 1899 273 1929 nam
304 1885 577 1926 tantumdem
601 1897 724 1936 aquae
744 1887 789 1924 et
823 1897 897 1924 reo
915 1888 960 1925 et
994 1884 1134 1924 actori
1168 1883 1494 1925 infundebatur.
1558 1880 1688 1923 Hunc

166 1947 211 1988 in
253 1944 383 1984 finem
422 1942 654 1996 praefectus
697 1955 819 1994 aquae
856 1942 1089 1995 clepsydrae
1140 1941 1418 1982 infundendae
1457 1944 1570 1987 erat,
1613 1939 1687 1991 qui

163 2001 345 2055 Ἐφύδωρ
365 2001 508 2041 dictus
529 2004 610 2041 est.
669 1998 770 2041 Vid.
792 1999 1026 2041 Pollucem.
1090 1997 1355 2054 [Barbarum
1379 1998 1496 2039 'illud
1527 1996 1687 2052 ἐφύδωρ,

170 2058 536 2110 scribendumque
565 2058 721 2098 divisis
757 2059 936 2099 vocibus
971 2058 1212 2109 additoque
1251 2057 1454 2102 articulo,
1484 2068 1612 2108 quem
1646 2056 1691 2096 in

172 2117 350 2160 Polluce
384 2116 662 2170 praemissum
695 2117 870 2155 ἐκαλεῖτο
909 2116 1043 2163 elisit,
1079 2118 1096 2155 ὁ
1131 2117 1187 2168 ἐφ’
1220 2114 1329 2170 ὕδωρ.
1382 2113 1479 2155 Hoc
1503 2114 1595 2167 jam
1630 2110 1688 2153 H.

172 2174 401 2230 Stephano
421 2172 552 2214 Thes.
572 2173 637 2214 iii.
660 2188 698 2215 c.
727 2172 849 2214 1784.
881 2171 931 2213 F.
957 2173 1083 2213 video
1100 2173 1333 2227 placuisse.
1392 2170 1519 2212 Errat
1539 2169 1692 2211 Alber-

171 2235 263 2276 tius
281 2233 337 2274 ad
372 2230 558 2284 Hesych.
592 2235 626 2272 t.
668 2232 697 2272 i.
726 2245 761 2272 c.
805 2228 925 2271 1557.
956 2230 998 2271 9.
1032 2229 1259 2285 SCHAEF]
1322 2229 1544 2275 Ceterum,
1575 2228 1694 2281 quod

176 2293 221 2334 in
243 2291 374 2333 dictis
411 2291 518 2331 locis
553 2289 762 2342 elliptice‚
785 2289 830 2329 id
858 2289 988 2343 plene
1024 2289 1142 2342 apud
1176 2288 1360 2328 eundem
1383 2285 1623 2327 Lucianum
1646 2285 1693 2326 in

177 2348 399 2392 Revivisc.
419 2361 466 2402 p.
490 2345 587 2388 406.
621 2345 687 2387 Σοὶ
706 2345 750 2386 τὸ
771 2345 865 2401 ὕδωρ
887 2348 945 2400 ῥεῖ
961 2350 1036 2393 νῦν,
1058 2345 1117 2394 μὴ
1138 2347 1289 2393 μέλλεε
1331 2343 1431 2386 Tibi
1449 2356 1564 2399 aqua
1581 2356 1697 2384 mmc-

164 2405 290 2462 fluz't,
309 2418 363 2446 ne
389 2410 599 2447 cunctare.
661 2404 762 2446 Huc
793 2405 1002 2458 pertinet,
1036 2403 1150 2456 quod
1170 2403 1215 2443 in
1247 2402 1520 2457 Imaginibus
1550 2414 1592 2456 p.
1623 2400 1706 2442 31..

221 2537 241 2562 b
264 2537 319 2569 Sic
332 2535 559 2578 Hippocrates
571 2536 691 2578 aphor.
713 2535 775 2567 vii.
789 2539 841 2568 56.
864 2535 927 2571 οἶνος
942 2535 998 2571 ἶσος
1014 2535 1066 2577 ὶ’σῳ
1080 2536 1239 2576 πινόμενος.
1291 2537 1410 2568 Vinum
1421 2527 1488 2577 por
1495 2482 1700 2600 plispqua)

178 2588 301 2626 potum.
314 2580 379 2621 ἴσῳ,
394 2590 443 2611 sc.
457 2578 552 2612 ὕδατι,
579 2580 795 2612 Scuoerm.
1435 2610 1438 2612 ,

229 2673 245 2692 c
267 2668 479 2700 Mnesitheus
501 2667 662 2699 Comicus
685 2667 775 2707 apud
798 2666 995 2699 Athenaeum
1022 2666 1059 2697 ii.
1090 2668 1117 2697 1.
1141 2664 1251 2697 ’Ea‘ch'
1272 2666 1328 2697 ἴσον
1351 2666 1403 2706 ἴσῳ
1426 2663 1576 2721 vrgao-9535.
1622 2663 1700 2702 Quo

187 2714 266 2746 loco
282 2711 460 2752 multiplex
476 2710 610 2752 ellipsis
623 2716 685 2748 est,
697 2720 772 2751 quae
787 2710 835 2741 sic
850 2710 1001 2751 suppleri
1016 2716 1125 2751 potest
1139 2721 1147 2739 :
1172 2708 1256 2741 20213’
1279 2710 1336 2741 ἴσον
1351 2708 1419 2751 ὕδωρ
1438 2709 1491 2749 ἵσῳ
1515 2721 1574 2748 οινῳ
1595 2720 1702 2750 κεκμ-

188 2757 278 2799 pirou,
294 2755 347 2785 vel
361 2755 465 2786 etiam
483 2767 491 2785 z
516 2755 562 2786 ἐὰν
574 2752 600 2785 δ’
615 2754 672 2786 ἴσον
681 2753 762 2796 μέρος
778 2751 879 2787 ὕδατος
891 2753 943 2793 ἴσῳ
952 2753 1029 2796 μέςει
1042 2753 1110 2783 οἴνου
1124 2753 1280 2797 προσφέρῃ.
1327 2755 1363 2785 Si
1376 2754 1492 2784 biberis
1500 2754 1612 2783 vinum
1624 2751 1703 2793 pan*

186 2800 334 2843 portione
353 2808 451 2838 oquae
473 2803 698 2839 temperatum.
751 2796 846 2827 conf.
876 2796 1096 2838 Hippocratis
1122 2796 1278 2837 Epidem.
1301 2796 1362 2827 lib.
1387 2795 1425 2827 ii.
1469 2793 1704 2835 Aristophanis

191 2843 282 2876 Plut.
296 2852 330 2871 v.
349 2842 442 2873 1133.
488 2841 610 2873 Athen.
624 2839 672 2872 xi.
684 2842 715 2871 6.
737 2840 866 2871 LEISN.
912 2839 1068 2872 Sublecta
1083 2839 1165 2875 haec,
1180 2840 1311 2880 opinor,
1333 2840 1490 2876 Kustero‚
1512 2848 1612 2879 quern
1627 2837 1704 2869 vide

181 2887 233 2962 gd
250 2883 465 2928 Aristophan.
489 2885 634 2920 Achata.
657 2894 692 2915 v.
720 2885 795 2915 353.
839 2883 931 2918 Adde
952 2884 1052 2916 eund.
1077 2887 1112 2914 et
1137 2883 1370 2915 Hemsterhus.
1391 2883 1433 2915 ad
1449 2882 1537 2927 Plut.
1555 2892 1585 2914 v.
1611 2883 1706 2913 1133.

210 2937 351 2964 CBAEF.
432 2939 435 2941 ’
1359 2951 1367 2954 .
1599 2941 1615 2953 2
