1838 3164
226 135 280 179 68
632 141 951 187 PLEONASMI
978 142 1296 187 VERBORUM.

222 251 403 303 similia,
423 255 507 298 etsi
529 267 616 300 non
635 259 899 314 respondent
929 260 994 302 illi
1019 260 1270 314 pleonasmo
1305 255 1586 308 Graecorum;
1615 251 1722 306 quia

221 306 354 352 liabeo
375 324 462 363 non
473 318 540 356 est
558 328 624 357 me
641 315 789 365 liabeo,
809 322 853 360 et
872 317 1108 371 participia
1126 319 1228 357 sunt
1241 314 1418 369 passiva
1438 326 1524 354 non
1543 311 1715 366 βαίνεις

219 368 369 410 tamen
390 383 445 411 ex
468 384 522 412 eo
549 373 753 416 videntur
780 374 1053 425 adumbrata,
1080 375 1184 427 quia
1214 373 1325 414 illud
1353 382 1490 424 genus
1515 369 1717 423 pleonas-

219 434 393 468 morum
417 440 445 468 a
480 428 644 471 Graecis
681 434 907 486 acceptum
929 433 1211 485 usurparunt,
1239 429 1292 470 de
1318 440 1403 481 quo
1432 427 1479 468 in
1511 423 1716 467 Praemon.

217 479 330 531 dixi,
348 487 392 525 et
410 486 515 537 quia
542 487 779 543 participia
799 485 976 542 passiva
993 501 1157 543 ponere
1186 486 1323 530 coacti
1342 486 1539 532 fuerunt,
1566 484 1718 536 utpote

217 543 417 582 carentes
435 543 605 585 activis.
1120 579 1124 583 .

271 594 315 637 2.
347 594 434 640 Sed
453 600 672 642 difficilior
687 605 755 643 est
773 602 914 643 altera
931 601 1090 650 forma,
1121 603 1168 643 in
1192 614 1280 656 qua
1299 613 1386 641 non
1405 598 1527 640 verbi
1556 596 1718 651 prima·

215 651 274 692 rii
298 655 583 711 participium
613 658 805 712 ponitur,
827 659 903 700 sed
934 673 1032 701 cum
1051 659 1183 712 hujus
1204 664 1397 712 tempore
1431 656 1554 697 finito
1582 653 1719 708 parti-

215 709 382 764 cipium
393 712 508 766 ἔχων.
568 713 771 757 Socrates
792 729 892 758 cum
913 717 958 757 in
979 714 1148 768 Gorgia
1170 714 1366 757 Platonis
1384 714 1467 756 vol.
1500 713 1555 754 iv.
1580 724 1624 766 p.
1647 707 1718 751 95.

215 778 299 820 per
312 769 510 822 Jocosam
542 772 806 814 calumniam
839 773 1042 821 dixisset,
1074 777 1263 814 sutorem
1297 773 1484 814 fortasse
1511 771 1609 823 jure
1639 779 1719 808 suo

214 826 422 868 maximis
452 831 496 869 et
520 841 652 882 quam
675 830 878 883 plurimis
899 831 1057 872 calceis
1090 830 1291 871 indutum
1319 832 1520 883 oportere
1552 824 1717 866 incede-

213 892 290 922 re:
323 885 556 938 respondet
574 884 801 928 Callicles:
821 891 918 929 ποῖα
931 887 1165 936 ὑποδήματα
1186 889 1364 941 φλυαρεῖς
1382 886 1485 938 ’έχων
1501 886 1519 924 ‘2
1549 881 1721 936 Nempe

212 942 490 983 accusativus
510 958 557 982 w.
592 943 697 985 ὑποδ.
727 946 919 999 pertinet
940 943 998 986 ad
1020 944 1225 999 φλυαρεῖς,
1255 956 1342 985 non
1372 943 1427 983 ad
1449 942 1569 994 ἔχων,
1602 937 1720 993 quod

213 995 422 1049 adjicitur
459 999 673 1042 absolute.
744 1000 846 1043 Pari
883 1003 1012 1044 modo
1046 1016 1091 1057 p.
1134 1002 1224 1044 108.
1260 1000 1416 1042 dicitur
1444 999 1548 1051 ’έχων
1577 999 1719 1051 ληρεῖς,

216 1050 330 1104 (aut,
351 1059 400 1097 ut
420 1056 455 1096 f.
487 1057 735 1109 legendum,
763 1063 891 1114 ληρεῖς
909 1060 1031 1116 ἔχων)
1051 1064 1095 1101 et
1126 1059 1329 1102 similiter
1359 1055 1583 1109 Aristoph.
1603 1051 1718 1094 Ran.

211 1107 313 1152 204.
335 1115 381 1153 et
405 1112 506 1155 515.
536 1112 719 1168 Lysistr.
741 1114 838 1158 944.
870 1116 1018 1159 Nubb.
1059 1115 1157 1159 509.
1179 1119 1217 1158 si
1249 1117 1368 1157 locus
1402 1115 1485 1154 huc
1514 1111 1722 1167 pertinet.

212 1163 361 1210 Verba
386 1174 488 1212 sunt
508 1168 564 1211 Τί
581 1173 789 1227 κυπτάζεις
803 1175 906 1228 ἔχων
924 1174 1012 1229 περὶ
1039 1174 1111 1217 τὴν
1131 1173 1248 1230 θύραν
1265 1188 1275 1222 ;
1306 1173 1382 1214 ubi
1408 1184 1497 1213 acc.
1517 1171 1558 1210 τί
1576 1172 1723 1224 potest

210 1225 308 1278 regi
335 1226 396 1268 ab
422 1227 540 1281 ἐ’χων.
618 1228 701 1271 Sed
741 1244 879 1272 unum
919 1232 1065 1273 locum
1104 1232 1261 1273 addam
1300 1243 1354 1271 ex
1393 1227 1723 1281 Icaromenippo

210 1278 396 1326 Luciani
419 1287 453 1339 ᾗ.
482 1284 553 1327 24.
574 1287 651 1328 ubi
683 1286 923 1343 Menippus
964 1292 1113 1331 narrat
1145 1302 1273 1331 suum
1308 1300 1407 1329 cum
1450 1284 1561 1326 Jove
1594 1284 1722 1325 collo-

209 1340 364 1391 quium
390 1373 399 1383 .
423 1372 432 1381 .
457 1374 467 1383 .
499 1340 603 1384 Εἷπέ
626 1361 708 1392 μοι,
739 1346 827 1398 ἐ’φη,
862 1346 950 1401 περὶ
988 1345 1026 1386 δὲ
1048 1348 1141 1394 ἐμοῦ
1171 1348 1203 1387 οἳ
1235 1344 1423 1400 ἄνθρωποι
1458 1343 1542 1383 τίνα
1570 1343 1724 1390 γνώμην

209 1395 367 1449 ἔχουσα
397 1396 512 1447 Τίνα,
540 1400 648 1451 ἔφην,
680 1401 862 1450 δέσποτα,
893 1402 918 1447 ἢ
949 1401 1019 1445 τὴν
1052 1403 1340 1452 εὐσεβεστάτην,
1366 1401 1530 1448 βασιλέα
1562 1415 1600 1438 σε
1634 1396 1721 1439 εἶναι

209 1453 367 1495 πάντων
403 1453 530 1502 &ecilin
560 1455 723 1512 Παίζεις
750 1459 869 1511 ἐ’χων,
900 1459 984 1511 ἐ’φπ.
1045 1458 1112 1500 De
1145 1460 1310 1500 talibus
1336 1458 1453 1500 clare
1488 1453 1720 1496 Fischerus

151 1510 154 1513 ’
208 1508 238 1549 l.
253 1509 280 1550 l.
302 1523 345 1565 p.
367 1509 437 1553 44.
469 1514 641 1562 statuit,
675 1518 702 1540 “
723 1515 826 1567 ’ἔχειν
848 1516 929 1557 hoc
952 1517 998 1556 in
1021 1529 1178 1568 genere
1200 1517 1315 1557 idem
1336 1527 1447 1561 esse,
1479 1513 1594 1566 quod
1607 1509 1721 1562 εἶναι,

211 1568 242 1591 “
273 1571 319 1609 et
350 1570 551 1625 ὑπάρχειν,
581 1575 700 1626 κυρεῖν
733 1577 778 1614 et
812 1575 1034 1626 τυγχάνειν,
1069 1577 1200 1626 atque
1227 1573 1335 1613 adeo
1367 1572 1478 1612 tales
1508 1570 1722 1612 formulas

209 1625 239 1647 “
269 1624 435 1668 similes
468 1640 562 1668 esse
601 1628 675 1676 iis,
710 1642 808 1681 quae
847 1642 902 1670 ex
931 1631 1065 1670 verbo
1096 1631 1365 1670 substantivo
1397 1632 1442 1669 et
1473 1626 1723 1680 participiis

210 1686 243 1705 “
273 1682 467 1723 aliorum
485 1684 720 1725 verborum
739 1687 994 1739 compositae
1025 1690 1143 1733 sunt,
1173 1687 1237 1726 ita
1263 1690 1428 1733 tamen,
1463 1687 1514 1724 ut
1547 1684 1723 1738 partici-

211 1743 243 1762 “
275 1739 401 1792 pium
421 1740 525 1793 ’έχων
546 1745 739 1782 mutetur
759 1744 805 1783 in
821 1745 993 1797 tempus
1014 1743 1188 1784 finitum
1208 1743 1388 1784 alterius
1417 1740 1554 1787 verbi,
1577 1745 1621 1782 et
1643 1740 1722 1782 hoc

210 1799 241 1819 “
275 1796 322 1836 in
352 1797 685 1851 participium.'’
744 1797 900 1841 Utitur
933 1800 1069 1840 etiam
1101 1800 1169 1841 his
1191 1798 1420 1853 Gregorii:
1456 1796 1540 1838 Καὶ
1579 1798 1624 1838 τό
1651 1806 1724 1841 λη-

209 1854 284 1907 ρεῖς
298 1853 420 1906 ἐ’χων,
450 1853 513 1894 καὶ
536 1854 581 1895 τὸ
610 1856 762 1909 παίζεις
790 1857 909 1909 ἔχων,
939 1856 1002 1897 καὶ
1029 1856 1073 1897 τὸ
1108 1858 1148 1896 τί
1176 1857 1382 1910 κυπτάζεις
1411 1856 1513 1907 ἔχων
1534 1854 1622 1910 τσερὶ
1652 1855 1722 1897 τὴν

212 1907 348 1965 θύραν,
367 1910 550 1952 Ἀττικόν
574 1942 584 1952 .
609 1943 618 1953 .
643 1943 654 1953 .
683 1912 707 1957 ἢ
741 1918 809 1955 τοῦ
842 1914 945 1967 ἔχων
973 1916 1247 1968 παρέλκοντος,
1278 1913 1303 1957 ἦ
1344 1918 1409 1955 τοῦ
1436 1912 1610 1966 ῥήματος
1638 1911 1722 1952 ἀντὶ

211 1969 406 2021 μετοχῆς,
436 1967 500 2008 καὶ
517 1970 587 2013 τῆς
606 1972 787 2023 μετοχῆς
806 1971 888 2011 ἀντὶ
918 1971 1105 2026 ῥήματος,
1123 1973 1422 2019 λαμβανομένων
1461 2001 1470 2010 .
1496 1998 1504 2008 .
1525 1999 1534 2008 .
1553 1968 1636 2010 ἀντὶ
1656 1973 1724 2010 τοῦ

212 2024 320 2076 ἔχεις
349 2024 412 2065 καὶ
435 2026 620 2080 ὖπαίξχεις
638 2033 778 2082 ληρῶν,
812 2026 831 2066 ὃ
850 2026 912 2068 καὶ
933 2028 1029 2069 αὐτὸ
1045 2027 1243 2077 Ἀττικὸν,
1258 2027 1341 2069 ἀντὶ
1362 2032 1428 2069 τοῦ
1446 2029 1587 2081 ληρεῖς,
1608 2027 1722 2067 ἐστίν.

213 2079 286 2122 Ad
314 2094 367 2123 ea
387 2081 586 2124 Koenlus:
622 2087 654 2109 “
675 2083 844 2132 NOStl'i,
875 2088 1001 2139 ληρεῖς
1033 2086 1136 2139 ’έχων
1156 2099 1236 2140 pro
1258 2086 1444 2140 ὑπάρχεις
1472 2089 1595 2138 ληρῶν
1614 2084 1724 2125 acci-

213 2143 246 2163 “
276 2139 456 2192 pientis‚
478 2142 698 2183 sententia
717 2142 877 2182 meruit
907 2140 1086 2184 Clariss.
1110 2141 1389 2184 Valckenarii
1410 2141 1643 2182 adsensum
1663 2141 1721 2181 ad

215 2200 248 2220 ‘⁶
282 2195 435 2252 Eurip.
459 2195 614 2239 Phoen.
646 2212 684 2240 v.
718 2197 848 2240 '7123’
906 2198 1060 2252 Itaque
1082 2198 1136 2240 K.
1157 2204 1200 2241 et
1219 2200 1304 2240 sibi
1324 2212 1421 2240 eam
1441 2198 1618 2252 probari
1634 2198 1721 2251 sig-

214 2252 379 2295 nificat.
448 2253 560 2308 Ego,
595 2259 645 2297 ut
673 2256 862 2309 ingenue
896 2256 1053 2310 dicam,
1083 2258 1194 2298 hanc
1227 2257 1474 2311 explicandi
1505 2255 1721 2296 rationem

215 2312 406 2364 portenti
428 2312 567 2353 instar
586 2326 681 2354 esse
702 2318 745 2354 et
765 2317 857 2355 tam
878 2314 934 2354 ab
954 2326 1036 2356 usu
1056 2314 1273 2366 loquendi,
1305 2326 1433 2365 quam
1465 2313 1520 2354 ab
1541 2315 1636 2352 arte
1656 2313 1723 2352 in-

215 2369 506 2420 terpretandi,
527 2371 782 2423 longissime
806 2371 1041 2413 abhorrere
1072 2375 1234 2419 statuo,
1266 2383 1404 2423 eaque
1440 2370 1601 2411 nodum
1635 2381 1723 2411 non

216 2425 342 2476 solvi,
370 2426 443 2466 sed
464 2427 594 2480 plane
621 2428 774 2469 scindi.
834 2427 944 2469 Cum
976 2428 1115 2469 Attici
1137 2429 1318 2482 pariter,
1351 2432 1484 2480 atque
1509 2427 1618 2467 adeo
1647 2439 1724 2467 saea

217 2481 337 2535 pius,
354 2482 548 2524 dixerint
567 2488 690 2539 ληρῶν
709 2485 830 2538 ἔχεις,
850 2486 981 2541 quod,
997 2490 1047 2526 ut
1067 2499 1200 2540 supra
1219 2485 1424 2532 vidimus,
1447 2498 1501 2525 ex
1520 2484 1726 2537 anal-ogia

219 2543 335 2581 recte
357 2540 515 2581 habet:
549 2554 636 2594 quo
666 2543 837 2583 tandem
866 2544 1007 2593 modo,
1043 2547 1121 2584 aut
1149 2555 1236 2595 qua
1262 2543 1586 2596 conspiratione
1613 2541 1727 2581 inter

222 2599 271 2636 se
291 2600 556 2646 constantes,
578 2599 764 2648 inversa,
787 2601 855 2640 vel
878 2602 1027 2654 potius
1060 2613 1281 2653 perversa,
1309 2600 1479 2641 ratione
1493 2599 1638 2640 dicere
1657 2598 1722 2638 in-

222 2653 396 2694 tex-dum
418 2656 605 2696 voluisse
623 2654 825 2709 putemus
842 2660 967 2712 ληρεῖς
985 2658 1102 2709 ἔχων,
1125 2663 1168 2698 et
1187 2671 1238 2698 ea
1266 2658 1442 2710 quidem
1460 2655 1722 2701 conditione,

223 2714 275 2750 ut
293 2710 476 2752 lectores
495 2713 686 2765 aenigma
711 2714 908 2765 joculare
928 2715 1014 2755 isto
1035 2715 1177 2763 modo,
1199 2719 1370 2756 mutata
1388 2726 1543 2768 nempe
1562 2713 1722 2752 utrius-

224 2779 310 2821 que
331 2768 452 2808 verbi
468 2769 626 2817 forma,
648 2771 899 2812 solverent?

183 2829 219 2834 ·”
286 2822 400 2866 Mihi
422 2825 510 2867 haec
530 2830 618 2867 stat
637 2828 867 2878 sententia,
895 2828 1179 2882 participium
1210 2829 1311 2881 ἔχων
1340 2828 1402 2869 sic
1437 2827 1570 2867 verbo
1599 2826 1723 2866 finito

227 2881 474 2934 subjectum
512 2883 672 2924 habere
709 2885 798 2925 vim
831 2887 1092 2937 graviorem,
1131 2899 1264 2938 quaxn
1302 2887 1343 2925 in
1382 2884 1516 2938 priori
1566 2896 1723 2936 genere

229 2943 403 2993 tempus
424 2939 552 2993 hujus
573 2941 693 2982 verbi
723 2940 894 2985 finitum
914 2956 924 2990 ;
956 2946 1054 2984 etv.
1078 2956 1120 2995 g.
1138 2943 1337 2984 formulae
1356 2943 1481 2998 ληρεῖς
1505 2941 1607 2993 ’έχων
1626 2952 1725 2995 pro-
