1838 3164
162 156 272 198 xxxii
506 153 799 195 PRAEFATIO
824 152 1083 199 EDITORIS
1110 151 1402 194 HALENSIS.

165 280 426 320 moneretur.
484 275 536 318 In
570 277 667 332 ipso
686 277 915 319 verborum
941 278 1148 318 contextu
1170 273 1362 317 Bosiano
1392 286 1534 330 pauca
1562 278 1668 320 tuno

164 337 347 391 fuerunt
366 337 613 378 immutata.
1570 356 1585 374 -,
1607 369 1614 374 ,
1643 367 1645 369 ,

817 424 855 478 g.
886 421 1007 465 vm.

228 511 333 553 Post
363 511 475 552 hanc
494 509 780 565 posteriorem
801 508 1039 549 editionem
1060 503 1475 557 Schoettgenianam
1497 503 1674 560 Ellipsi-

166 568 250 610 bus
271 566 391 609 Bosii
411 568 592 609 ulterius
613 565 930 620 locupletandis
961 576 1138 605 manum
1172 563 1365 603 admovit
1398 561 1460 603 M.
1481 562 1674 606 Joan'nes

165 624 412 667 Fridericus
448 623 696 670 Leisnerus,
746 623 822 676 qui
862 624 1070 675 quintam.
1104 620 1512 674 editionemhuJus
1543 621 1671 679 libri,

164 685 392 738 praemissa
410 683 580 737 prolixa
614 681 891 735 praefatione,
922 679 1182 725 adornavit3
1213 677 1342 733 eique
1373 678 1482 722 adeo
1502 679 1671 732 largam

164 741 519 782 observationum
534 743 550 761 ‘³
567 751 752 779 messem
774 737 956 785 addidit,
972 741 1022 777 ut
1035 737 1210 788 majore
1222 735 1382 783 forma,
1396 737 1674 794 plagul'arp'm

163 798 330 843 scilicet
363 799 408 840 in
442 802 541 840 octo
571 796 680 838 folia
712 795 1089 850 complicatarum,
1120 792 1270 835 recudi
1303 794 1466 836 librum
1493 801 1600 837 nece

159 856 308 897 fuerit.
1572 859 1593 875 ’ἕ

831 935 869 990 §-
902 932 979 975 ix.

219 1034 306 1076 Sed
339 1035 606 1076 accessiones
642 1035 736 1076 istae
770 1032 883 1075 Clar.
922 1032 1133 1081 Leisneri,
1179 1046 1274 1089 quae
1307 1035 1512 1076 maxime
1534 1031 1672 1078 inser-

160 1091 286 1133 viunt
321 1093 603 1133 illustrationi
641 1093 902 1145 scriptorum
932 1091 1234 1145 profanorum,
1266 1103 1428 1145 magna
1463 1106 1517 1134 ex
1546 1097 1674 1147 parte

162 1162 247 1190 non
281 1151 397 1204 aptis
431 1150 539 1190 locis
571 1149 713 1189 textui
737 1144 928 1189 Bosiano
964 1149 1167 1196 insertae;
1200 1148 1502 1204 Schoettgenii
1523 1151 1673 1204 *etiam

159 1207 383 1247 notamina
418 1219 497 1259 per
528 1206 825 1247 incommodas
856 1207 1024 1260 passim
1066 1207 1424 1261 interpositiones
1462 1204 1674 1250 distracta

159 1268 263 1304 sunt
298 1264 467 1304 illarum
504 1263 873 1313 observationum,
905 1277 1013 1318 quas
1043 1276 1179 1305 novus
1201 1263 1353 1305 Editor
1386 1266 1587 1318 margini
1599 1266 1672 1323 ad?
1723 1274 1726 1276 ’

159 1322 366 1374 scriptas,
398 1320 590 1361 nondum
611 1325 757 1362 autem
779 1321 825 1362 in
845 1323 1038 1362 ordinem
1056 1322 1272 1370 redactas,
1293 1323 1672 1377 typographotra-

159 1378 342 1419 diderat.
401 1377 554 1431 Itaque
571 1379 733 1430 quinta¹
748 1383 792 1420 et
819 1384 941 1420 sexta
973 1377 1124 1427 editio,
1155 1380 1585 1434 praeterquamquod
1602 1381 1672 1435 ›in-

159 1437 272 1487 tegi-i
293 1449 438 1477 versus
460 1449 534 1476 seu
572 1437 695 1477 lineae
718 1437 761 1477 in
785 1435 989 1478 Bosianis
1020 1440 1064 1478 et
1084 1437 1470 1490 Schoettgenianis.
1501 1438 1572 1479 hic
1606 1438 1671 1480 ibi

161 1493 478 1541 desiderentur,
511 1494 654 1535 minus
698 1495 975 1536 commodum
1012 1495 1145 1536 habet
1175 1495 1407 1537 titulorum
1446 1499 1492 1538 et
1528 1498 1671 1553 auce&

160 1551 330 1593 sionum
349 1552 559 1594 ordinem.
1556 1551 1579 1576 '’-

832 1637 871 1692 g,
904 1634 959 1677 x.

216 1723 393 1768 Sextam
414 1727 650 1770 editionem
670 1741 695 1769 a
712 1728 921 1771 Leisnero
943 1733 1138 1771 curatam
1155 1730 1459 1772 commendant
1472 1731 1673 1774 observa-

158 1783 319 1831 tiones,
349 1782 481 1838 quasf
509 1799 608 1828 cum
639 1787 737 1841 ipso
774 1786 840 1828 M.
864 1786 1063 1830 Joannes
1098 1787 1316 1841 Georgius
1338 1787 1674 1831 SamueiBern-

161 1840 335 1882 holdius
355 1844 780 1886 communicaverat.
827 1845 1076 1886 Dolendum
1111 1850 1257 1887 tamen
1286 1848 1395 1897 erat,
1427 1847 1676 1900 sphalmata

160 1898 278 1938 haud
297 1912 438 1953 pauca
469 1902 515 1941 in
543 1903 655 1944 hanc
675 1904 902 1959 irrepsisse
934 1907 1103 1945 sextam
1135 1903 1386 1952 editionem,
1416 1904 1533 1960 typis
1561 1906 1674 1948 alias

156 1955 311 1997 nitidis
335 1958 611 2013 exscriptam.
1034 1990 1037 1991 γ
1198 1979 1201 1982 ·
1402 1982 1404 1986 -
1530 1967 1534 1991 .’

834 2045 874 2098 §-
904 2042 981 2085 XI.

212 2132 408 2175 Tandem
431 2136 678 2188 nuperrime
708 2137 760 2177 de
791 2135 1071 2189 locupletiore
1092 2140 1136 2178 et
1153 2136 1473 2190 quodammodo
1484 2137 1670 2180 ‘meliore

160 2190 292 2242 hujus
332 2192 445 2232 libri
473 2193 665 2234 editione
701 2194 913 2247 cogitavit
942 2194 1009 2235 vir
1044 2195 1327 2236 >doctissimus
1362 2193 1424 2236 M.
1458 2194 1670 2243 Nicolaus

157 2247 468 2298 Schwebelius,
501 2252 575 2306 qni
611 2264 726 2292 anno
761 2265 1025 2293 MDochnI.
1059 2253 1103 2295 in
1137 2253 1297 2301 forma,
1327 2266 1459 2305 quam
1492 2258 1668 2302 vocant,

158 2309 330 2353 octava,
362 2319 499 2360 eaque
542 2310 720 2361 majore,
752 2310 936 2350 eundem
978 2311 1091 2364 typis
1130 2315 1174 2352 et
1212 2311 1424 2352 sumtibus
1459 2310 1671 2354 heredum

160 2361 402 2404 Felseckeri
439 2365 742 2420 Norimbergae
791 2369 837 2408 in
882 2368 1022 2409 lucem
1061 2369 1284 2422 publicam
1322 2369 1496 2423 prodire
1521 2369 1669 2422 Jussit.

161 2419 452 2478 Schwebelius
485 2423 639 2465 titulos
668 2438 834 2474 omnes,
865 2426 999 2466 etiam
1033 2426 1088 2467 ab
1122 2427 1223 2467 aliis
1257 2426 1467 2480 adiectos,
1497 2427 1559 2479 in:-
1583 2430 1671 2469 me-

161 2478 316 2518 liorem
339 2480 536 2521 ordinem
556 2482 743 2535 redegit,
773 2488 818 2525 et
838 2496 972 2525 novos
1003 2496 1090 2524 non
1109 2493 1273 2538 paucos
1292 2485 1347 2526 de
1360 2483 1447 2525 ‘suo
1466 2485 1669 2540 inseruit,

166 2540 313 2576 errata
333 2538 466 2578 etiarn
501 2540 656 2588 multa,
687 2541 734 2582 in
767 2554 863 2593 quae
884 2541 1052 2593 incidit,
1083 2543 1259 2583 sustulit
1276 2545 1321 2583 et
1337 2542 1670 2585 indices'emen-

167 2593 312 2634 davit:
345 2595 515 2648 reliqua
535 2610 638 2638 vero
673 2599 988 2646 additamenta,
1019 2601 1164 2641 nullos
1182 2601 1336 2641 titulos
1356 2608 1496 2642 novos*
1510 2611 1601 2654 prae
1623 2613 1670 2642 se

167 2649 374 2700 ferentia,
408 2657 541 2708 prout
572 2656 792 2708 Jacebant,
822 2658 999 2712 reliquit
1033 2670 1145 2712 pene
1185 2658 1378 2706 intacta;
1410 2657 1590 2700 lacunas
1623 2658 1670 2699 in

165 2787 279 2814 autem
293 2782 343 2832 ibi
357 2785 464 2833 uncis,
486 2786 546 2818 ubi
560 2787 772 2820 adnotatione
788 2788 1015 2831 schoettgenii
1031 2791 1179 2833 subjecta
1193 2796 1317 2830 c‘arent,
1334 2784 1504 2831 inclusas,
1517 2800 1619 2833 quare
1635 2790 1669 2823 in

150 2837 174 2867 p
190 2833 321 2858 raesenti
336 2828 483 2859 editione
511 2830 651 2870 singulis
676 2831 743 2862 illis
767 2832 853 2864 locis
876 2833 1038 2865 restitutis
1062 2844 1127 2866 non
1155 2835 1263 2866 solum
1288 2845 1392 2866 uncos
1414 2840 1614 2868 memoratos
1627 2845 1668 2872 ex

158 2869 362 2912 praescripto
373 2870 608 2919 ’Schoettgenii
622 2874 822 2914 addidimus,
837 2877 892 2907 sed
907 2876 1037 2917 signum
1052 2877 1151 2909 etiam
1167 2882 1187 2908 ψ
1201 2877 1320 2910 iisdem
1336 2878 1550 2920 praefiximus,
1582 2906 1587 2925 3

201 2915 219 2934 θ
232 2914 302 2944 Ha's
318 2913 553 2954 in51gnivimus
570 2916 601 2947 in
618 2917 680 2948 hac
696 2918 844 2950 editione
859 2919 977 2951 litteris
993 2921 1119 2952 Lmsn.
1132 2921 1184 2951 vel
1198 2921 1238 2952 L.

197 2953 217 3001 5
231 2957 302 2990 Has
317 2957 532 2993 distinximus
546 2959 730 3006 scriptione
745 2963 994 3015 compendiaria
1013 2964 1157 2999 BERNH.
1172 2965 1226 3001 vel
1239 2965 1281 3008 B.
