1838 3164
708 162 1013 212 IsAooen.
1571 155 1625 207 19

103 278 233 332 nobis
250 279 399 338 primo
417 285 487 325 est
505 281 754 325 Atticorum
773 278 997 333 elegantia
1013 282 1060 322 et
1081 277 1312 322 urbanitas
1330 280 1379 322 in
1402 278 1625 324 verborum

99 338 314 384 modestia
330 344 380 383 et
396 341 450 383 in
463 336 622 384 ironia.
681 338 799 380 Nam
819 341 1011 391 utraque
1039 337 1360 380 abundantiam
1393 339 1622 391 quandam

99 398 318 441 orationis
336 401 524 455 peperit.
583 395 813 440 Modestiae
831 408 967 438 causa
990 396 1220 450 ingenium
1250 396 1316 437 illi
1338 407 1468 438 suum
1492 397 1627 439 vires-

99 464 188 508 que
218 469 321 499 suas
353 469 505 499 omnes
533 457 677 499 verbis
709 458 970 503 extenuant,
1000 458 1046 496 et
1074 453 1293 507 judicium
1324 453 1379 495 de
1397 454 1531 496 rebus
1550 455 1621 498 vel

98 513 202 556 aliis
234 515 517 570 permittunt,
545 515 615 555 vel
649 515 715 555 sic
745 512 948 559 efferunt,
974 515 1029 553 ut
1045 512 1360 566 circumspecte
1392 515 1439 554 et
1470 515 1620 560 caute,

95 581 186 615 non
214 571 482 614 confidenter
500 575 546 614 et
564 575 745 619 temere,
775 570 1082 626 pronuntiasse
1112 569 1363 612 videantur.
1422 567 1545 612 Hine
1573 568 1620 610 τὶ

95 627 305 684 πειρᾶσθαι
324 634 370 672 et
388 630 435 671 τὸ
455 629 587 679 δοκεῖν,
617 634 663 671 et
694 630 801 677 alia,
830 628 1023 670 maxime
1042 629 1089 669 in
1110 627 1356 683 particulis.
1418 627 1622 669 Alteram

94 685 215 734 illius
229 687 498 732 urbanitatis
512 692 686 743 partem
703 685 892 729 ironiam
910 686 1009 728 feci.
1069 684 1206 733 Nam,
1234 689 1454 739 quatenus
1473 685 1531 727 ad
1551 697 1622 727 ar-

95 748 357 796 gumentum
381 751 583 788 nostrum
617 744 831 801 pertinet,
859 757 915 786 ea
932 745 1004 786 usi
1023 744 1115 785 vim
1134 743 1281 786 verbis
1299 743 1504 786 tribuunt
1532 743 1624 797 sig-

95 801 341 845 nificationi
372 805 567 859 propriae
599 817 778 859 prorsus
809 803 1095 844 contrariam.
1157 800 1226 843 De
1259 801 1342 844 hac
1373 800 1624 856 antiphrasi

95 858 177 911 qui
196 860 284 901 non
303 861 519 914 cogitant,
551 862 598 903 hi
630 866 709 904 aut
740 862 873 916 plane
902 861 1013 903 nihil
1045 860 1252 915 expedire
1278 863 1512 908 conantur,
1543 861 1624 900 aut

97 915 336 960 infeliciter
355 920 604 972 argutando
632 933 704 962 res
733 920 848 961 male
869 919 1124 972 expediunt.
1185 916 1351 959 Differt
1370 922 1522 959 autem
1541 916 1624 958 ali-

91 978 313 1026 quantum
330 977 389 1018 ab
408 978 554 1019 ironia
581 978 755 1032 vulgari
786 978 879 1019 sive
907 976 1140 1018 rhetorica.
1201 975 1320 1018 Nam
1341 976 1434 1017 haee
1452 975 1549 1024 fere
1565 973 1626 1016 ad

94 1031 424 1085 redarguendos
456 1039 501 1076 et
533 1036 740 1077 ridendos
771 1036 885 1077 alios
918 1034 1188 1081 adhibeturz
1219 1034 1299 1075 illa
1322 1031 1624 1081 vero'Attica,

93 1100 183 1141 qua
202 1089 274 1131 hic
292 1092 475 1143 utimur,
503 1093 561 1134 ad
582 1106 652 1135 res
671 1105 847 1134 severas
862 1093 1145 1146 ¹jucunditate
1161 1091 1354 1144 quadam
1372 1095 1625 1145 temperan-

93 1146 184 1189 das.
245 1146 474 1191 Habemus
494 1150 614 1191 enim
633 1152 764 1205 plura
799 1149 1051 1205 hujusmodi
1072 1162 1083 1196 ;
1114 1148 1344 1196 κινδυνεύειν,
1374 1149 1430 1189 de
1448 1160 1538 1202 quo
1556 1146 1624 1189 di-

94 1216 241 1247 cemus
257 1218 341 1247 suo
359 1207 474 1254 loeo,
504 1210 748 1260 α’νευφνιμεῖν,
777 1207 1045 1246 vehementer
1061 1204 1310 1251 lamentari,
1342 1203 1457 1247 Plat.
1475 1204 1624 1247 Phaed.

92 1273 138 1315 p.
163 1261 259 1304 135.
290 1265 417 1305 αἰτίαν
450 1265 571 1317 ἔχειν,
599 1262 792 1311 laudari,
824 1261 942 1304 Plat.
978 1261 1115 1315 Gorg·
1146 1274 1193 1317 p.
1228 1261 1324 1303 122.
1353 1266 1548 1304 κατειπεῖν
1577 1265 1626 1305 et

92 1317 1026 1434 mmtzissffffissczfsst'a‘rffsszssfefd‘ffpi:
1052 1318 1189 1425 ἕῗῖἶ·
1206 1331 1262 1418 ἑὶ·
1282 1318 1625 1430 (ἒγὲῡῗζὲῗῦῗῖ

98 1431 138 1480 1,
166 1432 238 1476 26.
269 1440 315 1476 et
333 1438 484 1488 ἀνέχειν
506 1436 632 1483 item,
661 1439 714 1477 ut
741 1435 949 1489 equidem
982 1434 1159 1489 explico
1191 1432 1401 1488 Sophoel.
1422 1435 1497 1488 Aj.
1518 1434 1623 1477 le.

93 1487 188 1545 (Gf.
211 1490 367 1548 Eut-ip.
391 1494 500 1536 Hec.
525 1493 645 1549 119.)
677 1490 784 1538 οἶμαι
818 1492 893 1547 (de
927 1505 976 1534 re
1004 1493 1234 1546 explorata
1262 1495 1309 1533 et
1328 1491 1441 1534 nihil
1463 1492 1624 1549 dubia)

86 1561 344 1603 persuasum
361 1549 473 1593 mihi
487 1550 635 1600 habeo,
656 1549 861 1607 Xenoph.
884 1549 988 1605 Cyri
1009 1548 1135 1592 Disc.
1156 1550 1203 1591 ii.
1225 1549 1271 1597 2,
1290 1549 1336 1592 3.
1368 1553 1414 1592 et
1434 1551 1492 1592 iv.
1515 1549 1557 1592 6.
1577 1549 1623 1592 4.

94 1604 203 1656 ἴσως,
232 1606 481 1660 certissime,
509 1607 744 1651 verissime.
806 1607 914 1652 Haec
946 1612 1122 1650 tantum
1154 1608 1212 1649 ad
1243 1608 1507 1650 firmandam
1535 1609 1624 1650 iro-

92 1663 232 1713 niam,
260 1679 362 1719 quae
380 1667 426 1707 in
453 1667 710 1721 pleonasmo
734 1671 804 1708 τοῦ
828 1665 1039 1707 κινδυνεύειν
1059 1666 1192 1713 inest,
1221 1666 1474 1708 attulimus.
1533 1665 1625 1708 Sed

91 1721 207 1763 adde
234 1724 478 1778 particulas
501 1740 582 1765 που
616 1729 661 1766 et
678 1727 722 1764 οὐ
753 1724 871 1772 πάνυ,
900 1736 1012 1777 quas
1031 1727 1078 1764 et
1108 1723 1227 1764 infra
1246 1724 1339 1764 suis
1358 1724 1467 1765 locis
1486 1737 1624 1778 pone-

93 1791 220 1820 mus:
251 1793 356 1822 nam
374 1785 420 1823 et
439 1783 549 1837 ipsae
578 1781 799 1834 ωλεοναέζειν
818 1794 847 1822 a
865 1780 1132 1834 quibusdam
1160 1780 1383 1823 dicuntur.
1443 1780 1623 1830 Nomen

91 1837 341 1891 pleonasmi
359 1840 498 1882 etiam
517 1841 566 1881 in
586 1840 654 1881 his
677 1839 910 1894 particulis
929 1838 1151 1887 feremus3
1182 1838 1314 1881 modo
1332 1839 1400 1881 illi
1416 1839 1622 1891 doceant,

91 1894 209 1945 unde
227 1896 288 1938 sit
306 1896 481 1946 ductus,
511 1901 559 1939 et
578 1910 713 1950 quam
731 1898 822 1939 vim
839 1897 1016 1938 habeat.

54 1972 59 1978 ·
149 1951 191 2006 ξ.
224 1951 299 1994 20.
341 1953 430 1996 Sed
457 1955 661 2009 quaedam
693 1956 829 1997 etiam
859 1955 1088 1996 hominum
1121 1954 1168 1996 in
1198 1954 1358 1996 ceteris
1394 1956 1624 2009 eleganter

93 2007 371 2062 loquentium
407 2014 678 2055 consuetudo
710 2012 973 2060 introduxit,
1017 2011 1161 2064 magis
1192 2013 1390 2067 ipsorum
1427 2013 1621 2056 auctori-

93 2068 205 2116 tate,
234 2080 369 2122 quam
391 2083 473 2112 sua
492 2072 672 2118 virtute,
702 2071 1026 2112 commendata.
1086 2068 1206 2112 Nam
1225 2070 1345 2124 quod
1364 2071 1411 2112 in
1426 2072 1529 2113 aliis
1548 2085 1620 2115 re-

89 2123 175 2189 pun
194 2138 276 2168 usu
298 2127 436 2176 venit,
466 2134 518 2171 ut
541 2141 684 2170 mores
704 2133 751 2170 et
779 2129 900 2170 faeta
926 2129 1156 2170 hominum
1175 2129 1306 2170 nobis
1326 2129 1617 2184 probatorum

92 2182 334 2233 imitemur,
363 2187 447 2227 etsi
467 2199 547 2241 per
568 2200 614 2228 se
634 2199 723 2234 non
754 2186 990 2228 admodum
1011 2186 1250 2235 laudanda,
1280 2186 1328 2228 id
1358 2187 1495 2229 etiam
1521 2187 1619 2230 fieri

90 2240 203 2282 solet
235 2243 283 2283 in
309 2255 392 2284 usu
424 2245 646 2298 loquendi,
677 2245 723 2286 id
751 2249 820 2286 est
855 2246 902 2286 in
930 2257 1146 2286 consensu
1177 2245 1395 2288 bonorum
1427 2245 1616 2300 scripto.-

90 2308 206 2339 rum.
265 2298 337 2341 Cf.
374 2299 564 2349 Quintil.
595 2303 627 2343 i.
670 2304 711 2344 6.
741 2306 848 2344 extr.
886 2302 1003 2345 Nam
1035 2307 1284 2351 amatorem,
1313 2306 1366 2353 ut
1398 2299 1616 2353 Horatius

89 2352 217 2404 dicit,
246 2356 395 2400 mnicoe

214 2411 378 2471 Turpia
396 2415 617 2473 decipiunt
634 2432 785 2460 caecum
803 2417 927 2465 vitia,
960 2423 1036 2459 aut
1053 2415 1186 2459 etiam
1202 2414 1302 2473 ipsa
1318 2416 1406 2460 haec

205 2469 431 2515 Delectant
449 2489 464 2522 ‚·
491 2473 626 2517 veluti
642 2475 877 2518 Balbinum
891 2475 1078 2532 polypus
1096 2473 1283 2531 Hagvzoe.

215 2526 374 2573 Vellem
392 2530 442 2572 in
460 2531 655 2575 amicitia
674 2532 736 2576 sic
754 2546 1007 2581 erraremus,
1038 2537 1080 2574 et
1096 2531 1169 2574 illi

204 2584 358 2633 Error&
375 2602 527 2631 nomen
545 2589 682 2633 virtus
695 2591 908 2648 posuisset
925 2589 1163 2637 honestum.

145 2639 246 2686 Hoc
263 2651 533 2702 praeceptum
564 2646 742 2691 Horatii
771 2663 852 2691 nos
881 2649 1309 2691 accommodavimus
1340 2649 1398 2691 ad
1431 2649 1612 2693 institu-

87 2700 184 2742 tum
216 2708 434 2755 nostrum,
465 2709 511 2746 et
544 2705 730 2752 honesto
764 2705 983 2763 elegantiae
1005 2707 1184 2753 nomine
1215 2708 1353 2749 etiam
1384 2707 1464 2750 illa
1491 2721 1612 2750 com,

87 2755 210 2824 quxi
240 2773 408 2811 sumus,
450 2775 552 2818 quae
590 2764 698 2806 olim
739 2765 1004 2811 auctoritate
1038 2765 1266 2806 hominum
1301 2770 1609 2815 venustorum,
1633 2816 1636 2818 ,
1662 2813 1668 2816 ,

86 2826 166 2879 §1111
186 2817 272 2872 ipsi
293 2820 339 2860 in
361 2820 429 2861 his
449 2827 678 2864 cesserunt
710 2823 986 2864 multitudini
1014 2823 1252 2877 imperitae,
1282 2822 1331 2863 in
1365 2835 1612 2866 sermonem

86 2874 337 2924 introducta
364 2881 410 2919 et
446 2879 510 2919 ita
542 2881 803 2934 pervulgata
842 2884 964 2928 sunt,
999 2883 1051 2921 ut
1085 2884 1273 2936 propter
1310 2880 1388 2924 illa
1424 2878 1612 2937 (quippe

86 2940 176 2974 non
205 2934 377 2978 ratione
409 2935 485 2979 sed
506 2936 735 2981 hominum
767 2938 996 2983 voluntate
1024 2937 1235 2996 probata)
1264 2950 1373 2980 usus
1401 2938 1615 2995 loquendi

1258 3004 1285 3032 ἕ
1307 3015 1332 3045 c
1357 3015 1377 3043 2
