1838 3164
609 378 1324 511 PRAEFATio

448 573 978 632 EDITIONIS
1024 514 1433 638 QUINTAE.

624 713 875 758 LECTORI
904 683 1275 756 ‹DIAEAAHNI'

923 812 964 851 S.

518 911 627 961 σο.
680 911 799 962 FR,
856 904 1365 986 LaisNER‘us

191 1220 574 1283 GRAEGARUM
614 1238 842 1281 literarum
888 1241 1084 1282 studium
1138 1239 1246 1281 satis
1295 1239 1384 1280 late
1423 1240 1589 1295 nostro
1619 1238 1700 1279 hoc

185 1299 382 1351 tempore
412 1297 696 1345 efflorescere,
733 1309 923 1350 suosque
957 1299 997 1338 ei
1032 1311 1120 1338 non
1142 1299 1281 1339 solum
1302 1296 1552 1337 laudatores
1586 1306 1698 1343 esse,

187 1365 339 1395 verum
356 1355 491 1395 etiam
511 1355 713 1402 cultores,
746 1355 813 1396 vel
847 1355 916 1396 hic
946 1355 999 1396 de
1033 1355 1179 1409 ellipsi
1201 1355 1354 1396 Graeca
1384 1354 1556 1394 libellus
1575 1354 1699 1407 signo

187 1414 272 1463 est,
291 1418 429 1464 ‘quem
445 1414 538 1453 tam
558 1412 683 1453 avide
701 1416 860 1454 emtum
882 1425 909 1454 a
939 1412 1193 1454 Graecarum
1225 1413 1455 1453 literarum
1493 1412 1702 1453 studiosis

187 1472 378 1516 constat,
408 1473 460 1510 ut
498 1471 662 1524 quintae
700 1471 796 1522 ejus
836 1470 1018 1512 editioni
1053 1483 1208 1511 manus
1245 1469 1516 1511 admovenda
1550 1469 1700 1509 fuerit.

187 1522 282 1569 Etsi
316 1538 418 1566 vero
452 1524 607 1567 Lamb.
643 1525 746 1576 Bos,
773 1530 817 1568 et
847 1525 1011 1568 Christ.
1048 1527 1399 1580 Schoettgenius,
1428 1528 1512 1568 viri
1543 1525 1704 1566 doetis-

189 1582 310 1630 simi,
331 1587 376 1623 et
408 1582 461 1623 de
483 1582 646 1624 Graecis
677 1585 818 1625 literis
837 1586 1042 1638 praeclare
1062 1586 1223 1631 meriti,
1256 1586 1367 1626 nihil
1389 1582 1702 1638 propemodum

189 1640 351 1694 reliqui
371 1639 576 1687 fecerint,
597 1641 713 1695 quod
726 1642 966 1696 pertineret
980 1643 1036 1683 ad
1058 1643 1170 1683 hanc
1184 1642 1403 1696 de‘ellipsi
1431 1642 1586 1683 Graeca
1603 1640 1703 1681 >doca

190 1698 353 1740 trinam
388 1698 734 1751 perpoliendam‚
765 1703 915 1740 tamen
950 1701 1027 1741 ubi
1067 1701 1274 1741 librarius
1314 1700 1546 1742 consilium
1575 1699 1702 1740 nobis

191 1766 322 1795 suum
358 1754 413 1795 de
447 1755 699 1796 adornanda
734 1769 847 1798 nova
879 1758 1005 1810 hujus
1045 1758 1181 1798 libelli
1216 1758 1409 1799 editione
1437 1757 1702 1812 aperuisset,

189 1812 453 1853 videbamur
474 1813 599 1853 nobis
621 1826 676 1853 ex
694 1813 880 1855 lectione
900 1828 1066 1863 eorum,
1097 1829 1193 1868 quae
1214 1815 1427 1856 Kusterus
1458 1815 1512 1855 ad
1532 1813 1704 1854 Aristo-

189 1869 400 1924 phanem,
431 1867 638 1911 Dukerus
658 1869 714 1910 ad
733 1869 1048 1924 Thucydidem,
1081 1871 1287 1914 Clarkius
1307 1873 1362 1914 ad
1379 1871 1638 1918 Homerum,
1651 1874 1704 1911 ret

191 1931 350 1980 praeter
366 1927 444 1967 hos
463 1925 492 1967 J
495 1928 642 1968 ensius
661 1931 704 1968 et
725 1927 936 1971 Auctores
953 1931 1309 1971 observationum
1329 1930 1705 1971 miscellaneamm

192 1985 364 2038 passim
383 1983 643 2031 docuerunt,
674 1997 726 2025 ea
746 1986 948 2028 didicisse
969 1992 1012 2028 et
1039 1989 1307 2034 observasse,
1334 1988 1499 2040 quibus
1519 1986 1705 2027 utilitati

191 2042 405 2083 lectorum
437 2042 620 2093 consuli,
651 2043 865 2095 simulque
895 2045 951 2084 ad
979 2041 1398 2086 commendationem
1433 2049 1476 2085 et
1515 2044 1705 2096 gratiam

192 2110 316 2140 novae
338 2099 516 2152 hujusce
534 2099 742 2140 editionis
752 2101 941 2141 conferri
961 2102 1128 2154 aliquid
1144 2106 1305 2155 posset.
1345 2102 1551 2142 Precibus
1572 2101 1709 2153 igitur

194 2156 381 2204 librarii,
412 2156 645 2210 cupientis,
664 2160 715 2198 ut
736 2158 869 2198 etiam
891 2170 1006 2200 nunc
1027 2159 1097 2200 hic
1116 2160 1291 2200 libellus
1311 2163 1483 2213 partem
1513 2157 1707 2212 aliquam

196 2218 349 2255 nostra
369 2226 500 2267 opera
515 2214 691 2268 plenior'
703 2216 962 2270 auctiorque
981 2217 1190 2270 prodiret,
1208 2217 1358 2257 deesse
1377 2214 1614 2256 noluimus
1653 2211 1709 2254 Et

197 2283 248 2311 eo
269 2271 503 2311 studiosius
523 2272 604 2312 hoc
622 2273 849 2324 negotium
865 2273 1152 2327 suscepimus,
1179 2274 1296 2326 quod
1317 2274 1478 2314 multos
1498 2272 1708 2322 doctores,

195 2339 354 2382 eosque
373 2341 460 2368 non
482 2328 621 2370 infimi
640 2329 820 2381 ordinis,
840 2343 927 2371 non
947 2332 1038 2372 sine
1057 2342 1212 2372 caussa
1232 2331 1495 2384 permultum
1524 2329 1625 2370 huic
1655 2329 1709 2368 de

196 2385 342 2438 ellipsi
364 2384 518 2426 Graeca
537 2386 747 2428 doetrinae
768 2388 962 2429 tribuere
983 2389 1348 2441 intelligebamus.
1410 2386 1536 2434 Quod
1572 2387 1608 2426 si
1642 2385 1706 2426 illi

201 2439 363 2482 Graecae
382 2443 541 2494 liuguae
563 2445 791 2497 ingenium
806 2458 933 2487 nosse
954 2447 1140 2500 putandi
1161 2451 1324 2494 essent,
1358 2447 1432 2500 qui
1450 2446 1708 2485 immensam

198 2500 507 2540 vocabulorum
526 2502 614 2541 vim
645 2502 710 2544 ita
728 2504 939 2544 memoria
958 2508 1126 2552 tenent,
1156 2508 1223 2551 ut,
1246 2517 1343 2559 quae
1363 2504 1429 2543 vis
1459 2502 1547 2542 illis
1578 2502 1636 2542 sit
1665 2503 1709 2540 et

198 2558 393 2609 potestas
412 2558 621 2610 subjecta,
652 2561 745 2601 sine
767 2561 1062 2609 haesitatione,
1094 2565 1225 2616 atque
1247 2563 1341 2615 sine
1359 2561 1450 2602 ulla
1470 2571 1592 2600 mora
1612 2570 1711 2612 per-

199 2613 404 2666 spiciant,
433 2617 477 2653 et
508 2617 633 2669 quasi
667 2618 713 2657 in
746 2623 973 2660 numerato
995 2619 1217 2666 habeant3
1248 2618 1618 2672 profecto'omnes
1643 2615 1707 2656 illi

195 2670 416 2721 Juventuti
437 2670 642 2723 injuriam
662 2675 956 2728 injungerent,
989 2678 1116 2731 eique
1135 2681 1299 2717 temere
1317 2689 1368 2716 ac
1386 2678 1543 2729 praeter
1562 2685 1704 2715 neces-

201 2727 377 2767 sitatem
407 2728 650 2770 molestiam
677 2732 949 2780 exhiberent,
996 2734 1071 2789 qui
1106 2747 1203 2775 eam
1237 2733 1294 2774 ad
1329 2733 1456 2779 alios,
1493 2743 1623 2786 quam
1651 2729 1705 2770 ad

197 2781 377 2830 Lexica,
406 2783 540 2825 libros
558 2789 856 2837 amandarent,
873 2804 1041 2846 egoque
1060 2792 1262 2832 omnibus
1283 2790 1532 2831 doctoribus
1554 2790 1706 2828 auctor

198 2852 351 2891 essem>
385 2843 448 2890 Ut,
482 2843 687 2898 quicquid
723 2847 989 2901 reliquorum
1023 2849 1233 2890 librorum
1265 2852 1350 2898 est,
1381 2847 1435 2887 de
1467 2857 1705 2900 puerorum

196 2898 402 2938 manibus
421 2903 689 2949 excuterent,
719 2903 1114 2960 denunciaremque
1133 2905 1388 2950 identidem,
1411 2904 1512 2944 solis
1535 2901 1707 2943 Lexicis

196 2966 276 2996 nos
295 2967 389 2996 esse
423 2959 648 2999 contentos
664 2959 833 3011 debere,
865 2964 1019 3005 ceteris
1041 2964 1165 3006 libris
1200 2964 1253 3006 de
1283 2962 1444 3016 ellipsi,
1479 2961 1532 3001 de
1558 2958 1705 3001 verbis
