1838 3164
210 121 292 165 116
545 122 866 166 PLEONASMI
892 123 1393 167 CONJUNCTIONUM.

212 240 360 281 minus
392 230 913 295 accurata‚'-praep0nant.
987 238 1105 282 Loca
1138 241 1184 282 in
1215 238 1414 294 Xenoph.
1453 235 1552 280 Ind.
1588 237 1670 282 sub
1704 238 1733 277 εἶ

212 298 471 340 monstravi.
531 296 715 340 Frustra
735 297 935 352 Sylburg.
957 299 1052 340 vult
1072 297 1119 339 ὧν
1139 297 1184 342 ἦν
1205 314 1260 339 τις
1279 299 1403 346 λόγος.

948 388 1010 431 H.

264 470 533 525 'Tangendus
562 474 607 514 et
641 473 770 526 hujus
791 471 1017 526 particulae
1049 473 1344 528 pleonasmus.
1404 469 1648 524 Gregorius
1675 469 1732 512 <de

215 526 428 578 dialectis,
456 529 551 571 Att.
571 530 608 586 ξ.
629 530 699 571 38.
728 528 786 570 Τὸ
817 529 843 574 ἕν)
873 533 1057 585 παρέλκει
1086 532 1281 571 πολλάκις
1307 527 1652 585 ωαξοὶῗΑτ-τικοῖς,
1682 530 1733 568 ὡς

215 587 252 627 ἐν
273 591 326 643 τῇ
346 586 462 643 ὀγδόῃ
483 586 720 643 Θουκυδίδου
752 587 808 642 (c.
828 586 916 643 94.)
935 589 1169 643 εὑρίσκεται·
1204 594 1233 613 “
1257 590 1306 629 ὡς
1339 592 1406 629 τοῦ
1428 586 1521 627 ἰδίου
1552 585 1732 634 πολέμου

215 649 247 669 “
269 644 453 698 μείζονος,
473 644 500 689 ἢ
521 645 597 686 ἀπὸ
613 651 687 686 τῶν
701 646 916 694 πολεμίων,
930 648 1008 699 οὐχ
1025 646 1128 694 ἒκοὶς,
1143 646 1251 687 ἀλλὰ
1266 646 1362 702 πρὸς
1378 650 1432 702 τῷ
1450 645 1573 691 λιμένι
1584 641 1734 685 ’ὄντοςῶ

153 719 156 722 ’
216 701 390 744 ἀντὶ-τοῦ
411 701 502 743 ἰδίου
521 705 694 750 πολέμου
713 703 880 757 μείζονος
899 703 975 744 ἀπὸ
995 706 1068 743 τῶν
1085 704 1297 750 πολεμίων.
1331 701 1529 744 Firmare
1549 703 1737 749 hocstu-

216 759 292 801 det
314 759 509 802 Ko‘enius
529 761 636 801 locis
654 760 962 816 Xenophontis
979 759 1098 803 Hist.
1120 759 1199 802 Gr.
1223 761 1269 801 ii.
1295 761 1332 812 1,
1355 760 1395 801 8.
1431 763 1476 800 et
1496 760 1560 800 iii.
1583 759 1626 807 2,
1665 756 1733 800 19.

217 815 372 877 Sed'hi
393 818 534 859 dubii.
596 817 716 859 Nam
736 820 782 860 in
800 819 938 874 priori
961 832 1042 873 pro
1063 818 1190 873 χειρὸς
1220 819 1307 871 legi
1328 821 1492 872 *potest
1513 818 1658 872 χειρίς;
1693 817 1737 855 et

216 875 267 916 in
286 877 521 930 posteriori
543 874 633 929 (cui
655 877 814 918 similis
831 884 898 918 est
922 877 1043 918 loeus
1060 875 1251 930 Thucyd.
1285 876 1332 917 ii.
1366 875 1427 916 13.
1450 875 1585 928 med.)
1614 874 1737 927 geni-

215 932 337 974 tivus
359 932 512 974 σταδίου
530 934 719 987 pendere
739 935 916 976 videtur
938 948 966 975 a
985 936 1120 982 λίμνη,
1152 933 1270 987 quod
1303 933 1526 985 intelligas
1557 930 1636 972 ἀπὸ
1656 947 1739 972 Δκοι-

217 994 305 1032 νοῦε
352 989 507 1044 Neque
539 993 728 1033 certiora
763 997 865 1033 sunt
898 993 1012 1040 loca,
1053 1005 1149 1044 quae
1188 991 1334 1037 addit;
1379 988 1537 1044 Lysiae⁴
1560 1002 1605 1042 p.
1634 986 1736 1029 470.

216 1050 338 1089 πλέον
357 1047 382 1092 ἢ
403 1048 647 1092 πεντήκοντα
667 1051 867 1091 ταλάντων
898 1050 972 1104 (de
993 1063 1080 1102 quo
1110 1051 1250 1090 multa
1282 1049 1508 1102 disputare
1531 1059 1616 1087 non
1639 1045 1741 1093 atti-

217 1106 334 1161 net),
365 1109 411 1146 et
431 1104 624 1159 AESchyli
652 1107 809 1162 Suppl.
834 1106 930 1149 520.
962 1106 1081 1147 Ἀλλ’
1104 1106 1128 1151 ἢ
1150 1106 1357 1161 δρακόντων
1378 1105 1581 1159 δυσφρόνων
1604 1101 1740 1157 ἐχθίο-

215 1177 299 1203 σινε
333 1163 411 1204 ubi
431 1163 456 1208 ἢ
477 1168 546 1211 est
573 1178 628 1206 ex
659 1166 965 1206 emendatione
986 1178 1066 1219 pro
1085 1165 1203 1217 vulg.
1227 1166 1273 1211 εὶ,
1302 1167 1347 1205 et
1366 1163 1576 1202 hactenus
1594 1157 1742 1216 minus
1784 1160 1789 1163 χ

215 1224 388 1262 certam
410 1221 546 1262 habet
567 1223 894 1267 auctoritatem.
912 1220 969 1264 ‘et
999 1226 1146 1277 potest
1179 1223 1314 1263 etiam
1347 1218 1579 1272 gravitatis
1610 1230 1744 1273 causa

214 1278 420 1331 junctum
440 1291 533 1319 esse
554 1293 655 1320 cum
685 1281 807 1322 α’λλά.
851 1280 954 1321 Sed
989 1281 1098 1321 nihil
1118 1277 1408 1325 dubitationis
1439 1275 1594 1317 afferre
1625 1275 1744 1317 vide-

215 1340 294 1377 'tur
312 1347 465 1378 versus
484 1334 710 1378 Theocriti
732 1351 808 1377 XX.
830 1337 901 1378 27.
917 1336 1058 1391 ”Εῤῥεέ
1089 1354 1153 1383 μοι
1185 1335 1290 1388 φωναὶ
1319 1331 1638 1388 «γλυκερωτέξαῆ
1673 1349 1743 1380 με·

212 1393 381 1448 λικήρω.
441 1389 597 1445 Itaque
617 1394 652 1433 si
673 1392 781 1445 quid
811 1395 1012 1445 judicare
1032 1394 1151 1438 licet,
1172 1404 1255 1442 ego
1281 1392 1371 1431 vim
1394 1391 1495 1431 huic
1515 1390 1741 1443 particulae

217 1450 416 1491 ¹tribuam
437 1449 678 1497 minuendi,
710 1453 759 1490 ut
779 1448 914 1490 mellis
933 1462 970 1489 e.
995 1464 1038 1503 g.
1061 1449 1242 1489 dulcedo
1273 1449 1368 1501 ejus
1399 1460 1481 1501 ope
1500 1447 1640 1500 magis
1658 1448 1740 1489 im-

219 1507 396 1548 minuta
415 1506 788 1562 videatunquam
811 1506 848 1547 si
870 1507 989 1547 solus
1018 1507 1242 1559 genitivus
1261 1505 1457 1559 μελικήρω
1476 1505 1646 1558 positus
1667 1505 1743 1551 sit,

217 1564 298 1605 sed
317 1568 466 1606 tamen
487 1577 539 1604 ea
559 1564 790 1606 dumtaxat
811 1564 1000 1611 ratione,
1033 1576 1123 1616 qua
1157 1569 1211 1618 τῷ
1242 1565 1395 1609 μᾶλλον
1428 1562 1742 1617 comparativis

212 1621 373 1677 juncto
393 1622 486 1664 vim·
504 1621 694 1675 augendi
716 1622 869 1662 tribui.
887 1619 988 1661 Vid.
1008 1620 1052 1661 h.
1069 1635 1105 1662 v.

631 1696 746 1752 INA
778 1710 1014 1765 (simulque
1034 1708 1140 1751 ΟΤΙ
1165 1714 1210 1753 et
1229 1708 1345 1767 ΩΣ).

281 1798 332 1841 In
351 1799 624 1854 pleonasmis
646 1796 753 1838 INA
773 1809 890 1852 pono
917 1800 1100 1852 propter
1118 1797 1175 1838 ἵνα
1198 1798 1238 1838 τί
1260 1813 1270 1839 .·
1293 1829 1303 1838 .
1331 1829 1340 1839 .
1366 1800 1384 1839 ‘3
1427 1797 1541 1839 Nam
1564 1799 1660 1840 sine
1680 1812 1747 1840 so-

222 1859 425 1901 loecismo
458 1857 544 1898 dici
579 1869 660 1911 per
681 1868 728 1896 se
750 1868 974 1908 nunquam
1007 1856 1151 1908 potuit
1171 1855 1228 1897 ἵνα
1260 1869 1343 1910 pro
1364 1855 1440 1903 διὰ,
1473 1868 1610 1908 neque
1645 1869 1746 1898 con-

222 1917 338 1959 strui
358 1929 458 1957 eum
479 1914 747 1962 accusativo,
779 1916 828 1954 ut
857 1913 918 1954 ‘Im
952 1913 992 1952 τί
1021 1917 1132 1955 esset
1167 1920 1338 1969 propter
1356 1912 1493 1969 quid?
1523 1913 1747 1955 Nimirum

216 1973 431 2030 proprius
465 1975 510 2013 et
540 1970 874 2024 antiquissimus
906 1983 1012 2011 usus
1042 1971 1130 2011 fuit
1160 1971 1248 2019 hic,
1282 1975 1332 2012 ut
1360 1972 1418 2012 ἵνα
1448 1971 1668 2013 ὤθει-οων,
1694 1985 1750 2013 ex

228 2034 324 2086 ejus
344 2042 551 2086 persona,
584 2030 661 2082 qui
691 2029 952 2083 respondere
986 2029 1179 2076 deberet,
1210 2033 1255 2069 et
1288 2029 1445 2071 deinde
1477 2029 1517 2069 τί
1551 2042 1607 2070 ex
1636 2030 1747 2083 ejus,

229 2090 307 2144 qui
329 2089 656 2140 interrogasset.
713 2086 851 2128 Locus
881 2099 935 2128 ex
973 2085 1197 2139 Aristoph.
1236 2085 1383 2128 Nubb.
1425 2085 1548 2128 1189.
1580 2100 1634 2127 ss,
1672 2087 1750 2129 hoc

231 2148 453 2190 illustrare
474 2148 633 2199 potest.
695 2141 983 2198 Phidippides
1009 2144 1062 2184 de
1094 2143 1268 2184 Solonis
1301 2145 1563 2186 consilio.in
1597 2146 1747 2186 termi-

232 2206 304 2247 nis
335 2203 556 2245 mensium
588 2202 903 2245 constituendis
924 2201 1031 2242 dicit
1050 2215 1059 2240 ε
1099 2201 1169 2243 τὴν
1190 2204 1319 2245 κλῆσιν
1339 2204 1391 2242 εἰς
1419 2200 1472 2242 δυ’
1494 2202 1639 2255 ἡμέρας
1658 2201 1749 2245 ’έθη-

235 2280 314 2311 κεν,
346 2261 398 2302 εἵς
427 2278 470 2301 τε
499 2260 570 2303 τὴν
590 2261 671 2303 ’ἔνην
691 2276 733 2299 τε
759 2258 821 2299 καὶ
848 2257 1015 2308 νέαν,’“ίν’
1049 2260 1087 2299 αἶ
1119 2257 1238 2299 θέσεις
1266 2261 1448 2308 «γίγνοιντο
1477 2263 1528 2313 τῇ
1556 2261 1747 2312 νουμηνίᾳ.

234 2318 529 2373 Strepsiades,
559 2319 629 2359 cui
661 2318 775 2358 ratio
797 2316 933 2357 allata
967 2316 1156 2357 nondum
1179 2316 1412 2364 satisfacit,
1447 2317 1541 2368 ejus
1575 2317 1751 2371 nomine

234 2378 384 2432 pergit
404 2376 547 2418 verbis
568 2375 628 2416 ἵνα
649 2374 712 2423 δὴ,
743 2386 931 2427 eumque
951 2374 1205 2421 sicinvitat,
1226 2382 1275 2414 ut
1292 2375 1465 2426 reliqua
1484 2374 1582 2427 ipse
1601 2374 1749 2416 addat.

224 2434 286 2477 ld
308 2434 517 2488 quoniam
538 2431 619 2474 Ph.
641 2446 728 2475 non
749 2433 861 2474 facit
880 2431 1128 2478 confestim,
1151 2430 1442 2486 Strepsiades‚
1463 2432 1590 2484 quasi
1621 2444 1750 2472 morae

225 2493 493 2547 impatiens,
530 2492 703 2544 integra
723 2489 1066 2541 interrogatione
1087 2489 1239 2540 instat,
1270 2489 1454 2543 adjectis
1482 2501 1640 2542 nempe
1659 2502 1751 2530 ver-

236 2551 311 2593 bis
332 2551 371 2590 τί
391 2549 462 2592 τὴν
488 2548 570 2592 ἕνην
599 2546 866 2604 προσέθηκενῖ
897 2545 1022 2588 Tum.
1042 2547 1218 2588 demum
1247 2546 1326 2588 Ph.
1348 2547 1389 2589 ἵν’
1421 2547 1450 2588 ’ὦ
1470 2548 1584 2594 μέλε,
1614 2548 1753 2602 παρόν-

240 2625 308 2650 τες
326 2611 408 2649 etc.
470 2605 684 2648 Geminus
717 2608 783 2648 est
803 2606 923 2646 locus
943 2605 989 2645 in
1019 2603 1211 2647 Ἐκκλησ.
1248 2604 1347 2646 713.
1381 2618 1439 2646 ss.
1473 2602 1551 2645 Pr.
1577 2635 1588 2644 .
1613 2635 1623 2645 .
1648 2635 1658 2645 .
1681 2603 1753 2645 ταὶς

229 2667 380 2721 ’πόρνας
419 2669 667 2706 καταπαῦσαι
705 2665 896 2712 βούλομαι
932 2660 1193 2712 ἁπαξαπάσας
1225 2660 1294 2704 ΒΖ.
1329 2662 1388 2703 ’ίνα
1418 2663 1457 2702 τί
1473 2663 1490 2702 '2
1531 2659 1607 2703 Pr.
1641 2660 1752 2704 δῆλον

243 2728 358 2765 τοῦτο
377 2721 427 2762 τί·
458 2721 520 2763 ’ίνα
538 2725 612 2763 τῶν
632 2724 717 2763 νέων
736 2722 874 2775 ’ἔχωσιν
900 2719 1015 2760 αὐταὶ
1044 2720 1116 2764 τοὶς
1143 2721 1299 2768 dustein
1333 2725 1416 2763 etc.
1478 2717 1623 2762 Verba
1642 2718 1754 2762 δῆλον

229 2785 359 2822 ’τοῦτο
391 2780 430 2819 τί
466 2780 528 2820 sic
566 2779 758 2834 explico:
793 2784 824 2803 “
850 2776 1138 2819 Manifestum
1167 2781 1211 2818 et
1245 2779 1412 2819 clarum
1445 2781 1510 2818 est
1546 2776 1606 2823 id,
1637 2776 1754 2828 quod

241 2844 274 2864 “
298 2837 560 2893 pronomine
582 2838 621 2877 τί
640 2850 695 2878 ex
714 2850 783 2878 me
801 2836 978 2889 quaeris,
1013 2835 1216 2889 quodque
1237 2849 1305 2876 me
1325 2836 1392 2876 vis
1411 2837 1486 2876 tuo
1514 2833 1572 2874 ἵνα
1604 2835 1755 2876 statim

245 2902 278 2921 “
301 2894 562 2948 subjicere.”

262 2979 265 2982 -
300 2951 342 2996 2.
370 2951 492 2995 Idem
523 2951 755 2995 dicendum
784 2952 838 2994 de
868 2951 924 2992 ὅτι
957 2951 996 2992 τί
1013 2952 1058 2993 et
1075 2951 1124 2991 ὡς
1143 2951 1198 2992 τί.
1259 2949 1401 2994 Nemo
1420 2949 1537 2991 enim
1559 2961 1754 3003 unquam
