1838 3164
580 167 643 208 IN
671 163 871 209 GRAECA
898 168 1126 229 LINGUA.
1528 163 1608 206 153

102 281 227 329 culm,
249 281 410 336 quibus
440 281 676 336 praedicata
703 282 905 336 quaedam
923 285 969 322 et
998 293 1143 322 rerum
1164 281 1283 322 inter
1304 294 1350 323 se
1378 281 1608 334 cogitatio-

103 349 295 393 numque
317 340 660 382 variaerrationes
680 340 1012 392 significentur?
1033 338 1121 379 Sed
1140 339 1187 381 in
1209 339 1290 380 hac
1311 352 1374 385 re,
1398 339 1435 379 si
1455 339 1501 379 in
1518 339 1610 380 ulla

101 396 209 444 alia,
227 398 455 450 plerosque
475 410 626 438 omnes
645 397 752 438 mihi
771 396 1044 439 adversarios
1062 396 1157 437 fore
1175 397 1315 443 video,
1332 408 1465 449 quum
1488 397 1610 441 nulla

99 454 304 496 usitatior
321 467 431 503 esse,
446 465 576 507 quam
593 454 926 508 particularum,
948 454 1226 507 maximeque
1245 454 1608 508 praepositionum

98 511 267 571 ellipsis
285 513 502 554 credatur.
564 510 648 553 His
669 525 772 553 vero
790 511 1138 566 respondebitur,
1151 515 1440 566 posteaquam
1455 516 1607 566 incep-

99 567 209 611 tum
214 571 345 612 semel
365 582 538 611 cursum
554 571 670 611 istuc
689 570 1070 611 deduxerimus..

123 624 410 681 nlmiquam
425 631 492 669 est
522 627 644 668 aliud
679 640 816 681 genus
843 627 1063 682 ellipseos,
1094 627 1212 679 quod
1241 639 1327 668 non
1359 627 1402 667 in
1425 639 1513 668 una
1533 626 1607 667 ha·
1622 631 1703 676 110

98 692 197 726 mm
207 685 431 738 partium,
457 697 517 727 ex
534 686 706 738 quibus
738 698 920 737 quaeque
953 685 1203 726 enunciatio
1231 687 1420 731 constat,
1454 683 1528 724 sed
1559 684 1606 726 in

96 742 336 789 ,omissione
356 743 550 796 plurium
569 745 765 797 positum
784 746 863 784 est.
923 741 1062 795 Cujus
1092 743 1155 783 rei
1187 743 1332 783 simile
1351 741 1457 794 quid
1479 739 1606 783 Lam-

96 797 251 841 bertus
263 812 454 853 :quoque
489 799 647 842 Bosius
679 801 1050 848 commemoravit,
1092 812 1359 852 quamquam
1394 811 1480 839 non
1516 811 1608 840 ma-

90 855 304 909 jorecum
319 858 502 911 judicio,
523 871 664 911 ,quam
695 871 795 899 cum
814 870 903 910 quo
928 861 1048 899 totus
1077 859 1160 899 iste
1191 858 1303 899 liber
1338 857 1606 910 compositus

51 938 55 941 ⁴
94 916 205 956 est„
239 912 386 961 Quum
411 916 547 957 enim⁷
564 914 720 956 Bosius
750 928 839 956 non
868 918 1146 969 potestatem,
1176 915 1253 955 sed
1269 916 1431 956 formas
1454 914 1607 959 verbo-

95 983 194 1013 rum
226 976 459 1025 spectaret,
494 974 570 1014 ubi
596 974 836 1022 nominum,
865 973 1112 1021 verborum,
1143 973 1459 1026 particularum
1481 971 1605 1025 ellip-

94 1041 168 1070 ses
198 1035 542 1081 enumeraverat,
572 1031 743 1073 addidit
779 1031 913 1072 etiam
950 1030 1126 1084 ellipses
1162 1030 1374 1082 quasdam
1408 1029 1607 1082 plurium

94 1087 338 1130 verborum.
399 1086 535 1140 Atqui
556 1089 636 1130 hoe
655 1092 817 1130 temere
836 1100 931 1128 esse
963 1091 1007 1130 et
1040 1088 1135 1128 sine
1170 1091 1291 1129 certo
1311 1086 1495 1127 consilio
1515 1086 1606 1128 fac-

94 1147 216 1192 tum,
227 1157 292 1187 ex
303 1158 361 1187 eo
374 1146 652 1199 intelligitur,
666 1138 797 1200 quod
811 1158 926 1187 nunc
946 1145 992 1187 in
1012 1145 1213 1199 pluribus
1234 1144 1378 1186 verbis
1398 1156 1489 1184 una
1507 1147 1606 1185 tan-

95 1199 196 1243 tum
207 1203 334 1244 notio
354 1203 485 1250 inest,
516 1216 632 1245 nunc
652 1217 739 1245 uno
758 1203 890 1244 verbo
910 1203 1056 1256 plures
1076 1202 1290 1253 notiones,
1319 1213 1371 1242 ac
1401 1213 1518 1255 saepe
1538 1201 1606 1242 in-

95 1261 217 1312 tegra
238 1260 390 1313 aliqua
411 1262 630 1302 sententia
649 1261 910 1303 continetur.
961 1260 1112 1304 Quare
1131 1273 1227 1307 nos,
1244 1261 1537 1317 posteaqan
1550 1258 1606 1299 de

91 1316 326 1359 omissione
345 1319 615 1371 singularum
643 1319 855 1372 partium,
889 1331 944 1359 ex
974 1318 1137 1371 quibus
1168 1329 1354 1370 quaeque
1385 1317 1608 1358 sententia

95 1376 340 1428 composita
359 1379 443 1422 est,
463 1376 672 1423 diximus,
707 1389 825 1417 nunc
848 1375 984 1415 etiam
1004 1375 1058 1415 de
1079 1374 1316 1416 omissione
1334 1373 1530 1427 plurium
1550 1386 1606 1415 ex

91 1430 162 1472 his
181 1432 381 1484 pai-tibus
406 1433 688 1484 quaerendum
715 1433 1031 1473 existimamus.
1092 1429 1171 1471 Est
1199 1435 1347 1472 autem
1368 1429 1448 1471 hoc
1467 1443 1606 1483 genus

92 1488 273 1543 duplexs-
327 1488 444 1530 Nam
463 1494 612 1543 partes
633 1491 730 1531 istae
748 1502 886 1543 quum
920 1490 1009 1530 sint
1040 1501 1224 1529 numero
1257 1493 1363 1538 tres,
1399 1491 1478 1528 aut
1509 1488 1607 1528 duae

94 1550 269 1588 tantum
289 1549 571 1595 omittuntur,
591 1552 670 1588 aut
686 1559 854 1589 omnes.

114 1595 216 1644 Ac
253 1603 348 1645 duae
387 1616 524 1657 quum
563 1605 844 1652 omittuntur,
888 1604 969 1645 has
1007 1604 1203 1644 videmus
1238 1602 1524 1657 praedicatum
1562 1580 1608 1644 et

96 1661 299 1714 copulam
319 1674 428 1708 esse,
459 1674 556 1714 quae
587 1662 739 1702 eadem
770 1666 850 1712 est,
879 1673 1013 1712 quam
1034 1662 1155 1702 verbi
1188 1661 1362 1714 ellipsin
1383 1660 1514 1712 vulgo
1533 1673 1607 1701 vo-

94 1723 219 1760 cant.
273 1718 413 1760 Omne
446 1720 563 1760 enim
592 1719 787 1766 verbum,
818 1722 974 1772 praeter
1006 1718 1187 1759 verbum
1218 1731 1317 1768 esse,
1346 1717 1432 1758 nisi
1464 1717 1541 1757 ubi
1562 1717 1608 1757 id

96 1782 260 1831 effictam
294 1777 525 1827 significat,
560 1789 615 1817 ex
654 1777 890 1830 praedicato
924 1779 968 1816 et
1003 1776 1161 1829 copula
1194 1775 1486 1828 compositum
1522 1777 1605 1815 est.

94 1832 172 1881 At,
203 1834 374 1886 inquiet
395 1834 570 1886 aliquis,
593 1834 629 1874 si
661 1833 888 1887 praedicati
918 1833 1038 1874 nulla
1057 1837 1124 1873 est
1143 1832 1324 1886 ellipsis,
1354 1833 1494 1872 multo
1528 1832 1608 1873 mi·

94 1903 202 1933 nus
221 1891 508 1945 praedicatum
550 1891 679 1932 simul
710 1904 810 1933 cum
842 1891 1000 1944 copula
1031 1890 1175 1930 omitti
1206 1889 1386 1943 poterit.
1459 1887 1606 1930 Enim·
1620 1894 1696 1937 111

36 1977 42 1983 ·
95 1961 216 1990 vero
229 1949 316 1990 nisi
348 1949 584 2000 singularis
614 1949 815 2002 quaedam
849 1948 964 1989 ratio
1003 1948 1240 1994 accederet,
1271 1947 1497 1988 verissime
1526 1946 1608 1988 hoc

94 2007 368 2059 objiceretur.
401 2005 564 2047 Verum
584 2007 678 2048 istae
712 2007 942 2047 verborum
963 2005 1140 2059 ellipses
1168 2017 1318 2045 omnes
1346 2005 1391 2044 in
1420 2017 1509 2046 uno
1535 2018 1608 2056 ge-

95 2077 200 2111 nere
219 2067 468 2111 versantur,
500 2065 617 2116 quod
640 2064 853 2116 ejusmodi
890 2066 973 2110 est,
1002 2067 1052 2104 ut
1071 2062 1299 2128 praedicati
1318 2062 1496 2103 omissio
1516 2062 1608 2103 ido-

94 2132 222 2163 neam
241 2121 543 2163 defensionem
564 2122 770 2163 inveniat.
832 2120 985 2173 Neque
1016 2122 1134 2162 enim
1167 2114 1420 2160 universum
1453 2120 1609 2173 praedi-

95 2184 260 2230 catum,
290 2179 366 2220 sed
397 2192 500 2233 pars
534 2181 630 2232 ejus
660 2180 763 2221 talis
798 2179 1034 2225 omittitur,
1069 2190 1165 2230 quae
1194 2177 1336 2228 qualis
1367 2177 1440 2227 sit,
1470 2190 1524 2218 ex
1555 2190 1610 2218 ea.

97 2242 240 2291 parte,
270 2249 380 2290 quae·
372 2241 767 2283 commemoratur,
796 2237 928 2276 facile
947 2235 1135 2287 intelligi
1157 2235 1312 2288 possit.
1371 2208 1487 2275 Ut'ar
1520 2236 1609 2287 pri-

95 2307 188 2336 mo
198 2293 359 2337 Latina
388 2296 665 2346 loquutione,
697 2292 803 2349 quid
832 2292 907 2335 hoc
935 2291 993 2333 ad
1026 2305 1117 2332 me:
1148 2293 1194 2332 in
1221 2304 1308 2343 qua
1335 2290 1410 2333 hoc
1440 2292 1610 2343 subJec-

95 2355 193 2394 tum
211 2356 297 2399 est,
312 2352 554 2405 praedicati
574 2365 675 2405 pars
708 2349 814 2406 quid
842 2349 900 2392 ad
929 2363 1022 2396 me;
1048 2350 1140 2401 Jam
1170 2349 1295 2400 quod
1325 2349 1609 2402 intelligitur,

96 2408 265 2456 attinet,
298 2410 343 2450 in
365 2423 416 2450 eo
445 2414 489 2450 et
519 2411 675 2463 copula
705 2409 940 2455 invenitur,
971 2413 1045 2454 est,
1076 2409 1120 2447 et
1140 2407 1307 2458 reliqua
1333 2418 1435 2460 pars
1452 2406 1610 2460 praedi-

98 2468 202 2518 cati,
233 2465 433 2514 attinens,
464 2479 561 2519 quae
593 2480 727 2519 quum
763 2479 840 2519 per
874 2478 920 2506 se
952 2464 1060 2504 nihil
1094 2465 1166 2514 sit,
1195 2464 1300 2504 satis
1330 2464 1497 2504 clarum
1525 2467 1609 2511 est,

98 2538 196 2567 eam
218 2524 423 2575 intelligi,
453 2526 592 2565 altera
613 2528 739 2577 parte
773 2523 934 2576 posita,
964 2520 1133 2576 aliquid
1151 2520 1315 2562 acl-me.
1377 2519 1520 2562 Graeci
1539 2533 1610 2562 ea-

98 2583 197 2624 dem
217 2582 473 2635 loquutione
492 2586 693 2628 utuntur,
725 2581 799 2622 sed
827 2580 1083 2633 simplicius,
1114 2580 1190 2630 qui
1209 2591 1344 2630 quum
1375 2579 1541 2627 dicunt,
1571 2579 1612 2618 τί

100 2646 215 2682 τοῦτο
253 2638 350 2693 Δωρὸς
391 2641 486 2686 ἐμές
536 2639 723 2691 intelligi
753 2638 930 2690 quidem
960 2641 1108 2690 posset
1136 2636 1333 2690 προσήκει,
1363 2636 1439 2676 sed
1473 2649 1611 2688 quum

99 2698 234 2741 iidem
254 2696 513 2749 simpliciter
542 2695 586 2735 τὸ
604 2697 698 2750 πρὸς
729 2711 766 2735 τι
786 2695 837 2735 de
858 2707 923 2744 eo,
956 2707 1043 2746 quo
1062 2693 1225 2745 aliquid
1258 2697 1441 2748 spectat,
1466 2695 1611 2734 dicere

99 2755 287 2801 soleant,
329 2759 669 2795 consentaneum
715 2755 795 2802 est,
840 2753 978 2792 solam
1023 2752 1265 2803 intelligere
1303 2752 1522 2805 copulam,
1561 2754 1611 2791 ut

99 2826 238 2865 quum
255 2812 406 2852 dicunt
428 2813 467 2850 τί
490 2810 570 2858 ἐμοὶ
592 2811 695 2851 τοῦτ’
720 2811 816 2850 ἐστίν
837 2822 847 2856 ;
879 2807 1041 2850 Eadem
1073 2809 1202 2855 ratio,
1233 2821 1364 2861 quam
1385 2810 1431 2849 in
1453 2807 1610 2848 Latino

98 2871 187 2912 isto
205 2869 404 2922 exemplo
424 2868 836 2914 demonstravimus,
868 2867 913 2907 in
933 2867 1032 2907 aliis
1063 2866 1235 2906 obtinet
1253 2866 1455 2907 formulis
1476 2866 1611 2906 etiam

126 2927 191 2973 ¹sl
237 2924 431 2971 Graeeos.
493 2924 564 2968 lta
582 2938 728 2979 quum
750 2925 902 2975 dicunt
939 2923 987 2966 ἑνὶ
1018 2925 1140 2979 λόγῳ,
1169 2924 1282 2977 quod
1313 2925 1439 2979 plene
1469 2924 1612 2965 dicen-
