1838 3164
174 142 206 202 6‘
786 139 1085 204 isAeoeii.

174 272 342 329 Graecae
360 276 521 331 linguae
541 277 750 320 studiosis
778 277 1027 319 consultum
1046 277 1261 318 volumuS.
1319 273 1444 316 Adde
1463 272 1582 315 dicta
1608 271 1690 314 sub

175 331 266 387 dini
290 336 403 376 extr.
1660 387 1663 390 Δ

206 351 272 447 ζ.
314 389 354 433 4.
386 392 762 444 Quemadmodum
796 406 875 435 nos
906 392 1170 447 pleonasmi‚
1205 392 1269 433 sic
1302 389 1565 432 Lambertus
1604 386 1692 430 Bos

175 448 382 505 ellipseos
396 451 599 493 universe
619 453 827 507 spectatae
857 464 1022 505 ponere
1055 451 1246 492 debebat
1274 449 1590 495 definitionem,
1612 450 1692 491 aut

176 510 294 549 certe
328 508 555 550 sententiae
586 512 741 563 plenae,
760 511 809 550 ut
830 509 912 550 hoc
943 509 1147 564 ellipseos
1180 511 1301 550 certo
1332 507 1460 559 signo
1492 505 1560 546 uti
1590 517 1691 559 pos-

177 561 260 616 set,
299 567 442 619 neque
472 567 658 608 aliarum
688 567 939 619 linguarum
978 565 1291 608 consuetudine
1328 564 1538 619 deceptus
1571 563 1692 618 pleo-

177 620 380 664 nasmum
414 636 502 665 non
526 627 788 679 usurpatum
817 637 900 679 pro
927 624 1073 680 ellipsi
1092 624 1288 665 haberet.
1357 621 1476 664 Nam
1496 621 1692 669 ἔλπομαι,

179 670 302 729 οἶμαι,
324 681 415 735 φασὶ
436 694 477 722 v.
499 692 538 722 c.
559 686 605 723 et
633 681 798 723 similia
818 683 864 724 in
884 683 1039 724 mediis
1060 681 1290 723 sententiis
1311 680 1385 721 ille
1405 680 1511 734 poni
1533 677 1693 720 statuit

177 750 262 793 pro
282 740 332 794 ὡς
349 739 534 788 ἔλπομαι,
557 742 605 780 ὡς
626 738 731 789 οἶμαι
745 744 837 789 &c.,
857 753 1088 796 perperam
1106 752 1227 787 sane,
1259 739 1298 780 si
1319 740 1368 778 ὡς
1387 738 1444 779 ad
1461 738 1694 790 integrita-

179 800 271 837 tem
315 798 608 838 necessarium
666 799 774 846 sive,
823 798 942 851 quod
990 798 1159 845 dieunt,
1210 795 1440 838 essentiale
1486 795 1693 851 putabat.
1754 798 1757 801 '

177 852 299 896 Nam
331 867 431 896 cum
464 853 589 896 Plato
625 855 668 896 in
705 854 923 898 Phaedone
942 870 984 898 v.
1020 870 1058 898 c.
1101 853 1232 897 dicit:
1277 849 1365 894 Εδει
1391 853 1430 894 δέ
1456 870 1518 903 «γε,
1550 852 1692 905 φαμὲν,

178 910 252 968 πρὸ
282 914 424 953 τούτων
444 912 521 955 τὴν
544 916 611 955 τοῦ
631 912 710 954 ἰ’σου
741 914 956 963 ἐπιστήμην
984 915 1189 967 εἰληφέναι,
1207 911 1389 958 ,ῐωῙῙιΠΥι
1419 911 1601 952 verbum
1621 921 1695 951 ne-

175 969 415 1011 cessarium
447 970 584 1012 abest.
646 966 764 1019 Quid
796 972 917 1014 enim
937 972 1237 1014 desideramus
1255 972 1274 1011 'l
1303 972 1380 1010 aut
1414 969 1522 1022 quid
1541 967 1696 1010 obscu-

176 1026 326 1069 ritatis
345 1027 486 1076 affert,
518 1028 635 1082 quod
656 1042 736 1084 pro
763 1031 887 1083 φαμὲν
918 1043 1006 1071 non
1041 1030 1321 1082 interjectum
1355 1030 1419 1068 est
1449 1029 1498 1068 ὡς
1533 1025 1658 1080 φαμὲν
1678 1026 1697 1065 2

178 1082 296 1126 Nam
318 1085 506 1140 simplex
532 1087 656 1140 φαμὲν
689 1087 844 1129 mediis
872 1089 1100 1130 sententiae
1130 1086 1276 1128 verbis
1297 1085 1577 1140 interjectum
1607 1094 1699 1124 arc·
1731 1115 1737 1120 κ

179 1139 352 1185 tissime
391 1157 491 1185 cum
532 1158 585 1186 ea
623 1146 933 1199 conjungitur:
978 1145 1199 1201 particula
1236 1157 1340 1185 vero
1381 1145 1426 1184 et
1460 1143 1613 1184 abesse
1653 1143 1700 1182 et

178 1200 329 1250 adesse
347 1205 536 1255 potest;r
552 1206 788 1258 utrumque
809 1208 941 1253 recte,
975 1208 1107 1257 atque
1130 1204 1266 1244 etiam
1294 1215 1349 1243 ex
1367 1214 1449 1243 usu
1478 1198 1703 1254 loquendi.

178 1256 279 1299 Vid.
310 1252 456 1302 Fisoh.
487 1260 542 1300 ad
563 1259 677 1302 Plat.
703 1261 850 1303 Phaed.
884 1262 923 1317 ξ.
958 1262 1025 1304 13.
1086 1260 1254 1308 Quodsi
1287 1259 1378 1302 haec
1411 1258 1552 1306 adest,
1581 1257 1703 1312 pleo-

178 1328 384 1358 nasmum
423 1318 572 1373 potius
609 1319 827 1371 quendam
855 1333 1144 1372 agnoscamus
1181 1321 1373 1373 oportet,
1415 1318 1548 1368 quam
1577 1315 1701 1368 ellip-

180 1373 269 1422 sin,
311 1375 419 1427 quia
454 1388 503 1416 re
545 1377 642 1431 ipsa
678 1390 766 1418 non
812 1390 1104 1434 comparamus
1140 1374 1303 1417 dictum
1340 1378 1537 1416 nostrum
1577 1375 1702 1424 (nam

180 1432 500 1486 comparationi
522 1435 571 1474 ὣς
591 1435 810 1490 inservit),
843 1432 920 1478 sed
948 1434 1211 1490 simpliciter
1243 1430 1438 1475 dicimus.
1498 1429 1703 1483 Denique

183 1503 239 1531 ex
267 1490 519 1543 linguarum
549 1492 684 1533 etiam
720 1493 923 1546 analogia
953 1495 1016 1535 sic
1049 1491 1332 1534 statuendum
1368 1493 1451 1532 est.
1510 1487 1628 1530 Nam
1662 1490 1707 1529 et

183 1547 324 1590 nostri
361 1549 454 1590 sine
483 1550 702 1604 particula
742 1552 886 1592 verbis
919 1552 1117 1604 ejusdem
1148 1548 1379 1591 sententiae
1417 1547 1707 1602 interponunt

183 1611 286 1661 sagt
309 1619 424 1654 man,
449 1611 495 1648 et
524 1605 671 1663 glaub’
689 1606 758 1650 ich
785 1613 830 1649 et
870 1608 1047 1660 similia,
1085 1612 1131 1649 et
1161 1607 1271 1654 alii3
1320 1609 1370 1647 ut
1397 1603 1704 1657 Francogalli:

173 1661 229 1720 je
261 1662 384 1712 crois,
429 1677 473 1705 ce
502 1678 568 1705 me
612 1665 764 1707 semble
779 1681 794 1714 ;
836 1679 978 1720 neque
1007 1678 1163 1708 manca
1201 1664 1471 1707 constructio
1502 1663 1709 1711 habetur,

187 1721 272 1762 etsi
311 1722 481 1776 pariter
512 1723 557 1763 hi
594 1722 737 1765 dicere
771 1726 936 1765 solent:
970 1737 1125 1766 comme
1158 1721 1192 1764 zZ
1223 1736 1290 1764 me
1318 1720 1489 1769 semble,
1521 1725 1566 1762 et
1596 1733 1704 1762 nos:

185 1778 270 1821 wie
302 1792 403 1820 man
431 1785 543 1835 sagt.
617 1779 714 1823 Hoc
752 1783 1001 1836 exemplum
1033 1782 1283 1835 interpositi
1329 1779 1556 1821 sententiae
1585 1778 1708 1819 verbi

186 1837 440 1892 perspicue,
483 1842 531 1879 ut
564 1850 710 1893 spero,
749 1839 938 1888 docebit,
976 1840 1195 1893 quomodo
1224 1852 1306 1892 ego
1333 1842 1378 1879 et
1406 1839 1710 1891 pleonasmum

188 1897 234 1935 et
271 1893 445 1949 ellipsin
490 1895 782 1938 definiendam
826 1902 995 1952 putem.
1070 1896 1172 1939 Non
1210 1897 1267 1938 ad
1302 1894 1528 1942 Latinam,
1567 1907 1711 1948 neque

189 1952 247 1993 ad
267 1953 461 2007 patriam
491 1953 691 2007 linguam
721 1956 821 2008 quis
851 1956 1016 1997 referre
1050 1956 1290 1997 sententias
1320 1953 1466 2001 debet,
1497 1956 1551 2000 ut¹
1578 1953 1625 1994 in
1657 1952 1714 1993 iis

191 2010 366 2063 aliquid
392 2012 458 2052 vel
478 2011 624 2052 deesse
643 2013 709 2053 vel
746 2026 972 2067 superesse
1002 2013 1201 2066 judicare
1220 2012 1379 2068 possit,
1411 2011 1486 2053 sed
1506 2004 1567 2051 ad'
1592 2011 1712 2064 leges

192 2067 449 2117 dialecticas¹
494 2069 634 2110 cuivis
680 2070 842 2125 linguae
892 2073 1071 2112 excultae
1117 2075 1274 2126 aptas;
1327 2069 1411 2111 nisi
1451 2069 1569 2111 forte
1608 2068 1715 2110 solis

191 2125 294 2173 illis,
326 2127 402 2178 qui
442 2124 599 2169 Latine
634 2128 791 2179 sciunt,
823 2132 902 2170 aut
941 2127 1122 2170 Batavis
1155 2129 1446 2170 Germanisve
1474 2127 1585 2168 talia
1614 2139 1714 2181 pro-

193 2183 315 2239 desse
341 2184 553 2226 volumus.
624 2184 741 2226 Nam
773 2186 1003 2228 dialectica
1034 2186 1210 2227 demum
1248 2185 1498 2239 disciplina,
1528 2187 1606 2226 aut
1638 2196 1715 2224 na-

194 2242 353 2295 turalis
385 2245 502 2283 certe
541 2241 743 2295 qu'aedam
775 2246 818 2284 et
855 2249 982 2286 acute
1018 2244 1253 2299 cogitando
1302 2243 1477 2285 exculta
1520 2242 1714 2289 solertia,

194 2312 292 2353 quae
314 2299 432 2339 illius
463 2300 560 2341 loco
581 2313 678 2341 esse
713 2303 872 2355 possit,
903 2302 1122 2350 ostendi&
1144 2301 1251 2354 quid
1281 2300 1336 2342 ad
1364 2312 1506 2342 semus
1533 2300 1719 2342 ἐντέλειαν

197 2362 241 2413 et
269 2353 585 2412 integritatem,
618 2371 752 2411 quam
787 2357 835 2399 L.
866 2358 954 2401 Bos
989 2361 1036 2400 in
1069 2360 1194 2414 praef.
1224 2358 1348 2406 dicit,
1377 2359 1487 2406 sive,
1518 2363 1569 2399 ut
1599 2358 1716 2400 idem

196 2415 352 2456 statim
376 2412 517 2463 addit,
551 2414 610 2456 ad
637 2415 812 2472 plenam
841 2416 1076 2459 orationem
1111 2416 1432 2473 legitimamque
1462 2421 1719 2459 structuram

195 2470 429 2529 necessario
461 2471 719 2531 requiratur,
788 2474 873 2516 Sed
904 2477 1039 2517 etiam
1073 2476 1129 2517 ad
1159 2473 1434 2530 analogicum
1467 2479 1720 2516 structuram

197 2543 293 2585 rem
327 2530 402 2570 ille
432 2530 596 2572 refert:
643 2530 745 2572 nam
778 2532 857 2574 hoc
885 2534 1027 2588 ipsum
1056 2533 1240 2575 verbum
1270 2533 1407 2580 addit,
1436 2529 1562 2585 quasi
1595 2545 1719 2586 syno-

198 2590 377 2644 nymum
396 2601 406 2627 ε
438 2589 689 2642 analogiam
710 2594 856 2632 autem
877 2604 1010 2645 quam
1031 2591 1139 2633 velit
1158 2591 1364 2643 intelligi,
1384 2603 1471 2631 non
1484 2590 1719 2643 significat,

196 2658 337 2701 eaque
357 2658 404 2686 re
426 2645 488 2694 id,
508 2646 624 2699 quod
652 2647 860 2703 principii
876 2650 971 2691 loco
990 2649 1130 2704 ponit,
1145 2649 1379 2690 obscurum
1397 2652 1442 2690 et
1462 2647 1720 2701 ambiguum

196 2703 426 2758 relinquit.
1485 2750 1496 2760 .

237 2762 298 2818 ᾗ.
329 2760 372 2803 5.
405 2758 547 2802 Probe
580 2761 802 2805 excultam
832 2767 876 2806 et
908 2764 1143 2806 luculentis
1172 2765 1311 2819 copiis
1342 2763 1604 2805 instructam
1642 2776 1720 2819 po-

201 2819 372 2865 suimus
392 2818 607 2871 linguam,
638 2833 728 2873 qua
749 2821 827 2874 qui
858 2825 1044 2864 utantur
1073 2822 1349 2877 pleonasmos
1381 2819 1636 2869 adhibeant,
1667 2821 1722 2863 de

198 2878 376 2934 ¹quibus
403 2889 455 2917 eo
494 2889 594 2917 cum
623 2874 790 2927 fructu,
832 2892 964 2933 quem
995 2892 1074 2933 nos
1106 2885 1368 2935 spectamus,
1399 2879 1538 2932 quaeri
1559 2880 1721 2935 possit.

203 2933 305 2979 Hoc
337 2934 391 2976 de
420 2933 582 2988 linguae
612 2937 752 2991 copiis
784 2950 936 2981 rursus
972 2948 1377 2989 commemoramus,
1406 2938 1510 2991 quia
1541 2939 1638 2992 jam
1666 2936 1723 2992 ad
