1838 3164
197 158 275 202 148
557 160 629 200 DE
658 159 866 202 ELLIPSI
896 160 966 201 ΕΤ
994 157 1333 200 PLEONASMO

187 280 239 316 ut
272 275 365 315 fere
384 273 600 329 quidquid
634 274 788 317 Graeca
823 277 975 326 lingua
1010 274 1278 316 difficultatis
1318 272 1516 319 haberet,
1548 271 1669 324 aliqu

187 333 332 385 ellipsi
365 333 612 375 adhibenda
632 336 807 387 putaret
829 332 1147 385 expediendum
1169 345 1275 375 esse.
1336 329 1476 384 Cujus
1506 329 1590 370 viri
1626 341 1702 370 no-

188 403 307 437 men,
327 390 544 432 invitante
566 392 701 432 etiam
722 392 783 432 rei
814 389 1046 436 facilitate,
1079 390 1188 430 alios
1224 389 1359 430 movit
1388 388 1617 442 plurimos,
1651 390 1701 428 ut

187 447 339 488 eodem
375 447 462 502 ipsi
501 462 670 502 quoque
704 460 882 502 operam
917 447 1167 488 conferrent
1199 460 1340 492 suam,
1383 446 1518 486 donec
1564 457 1704 497 nuper

188 503 374 546 Godofr.
397 504 536 546 Henr.
560 505 832 551 Schaeferus‚
862 504 934 545 'vir
954 505 1245 554 doctissimus,
1283 517 1415 546 caecos
1437 514 1588 543 eorum
1621 502 1700 542 im-

186 567 316 616 petus
335 563 538 616 plurimis
570 564 616 604 in
637 565 742 605 locis
776 563 1044 615 compescuit
1077 565 1121 603 et
1155 563 1211 602 ad
1232 564 1447 603 saniorem
1485 561 1702 601 rationem

187 620 422 662 revocavit.
496 619 584 668 Qui
614 623 681 663 vir
711 633 863 673 quum,
893 632 982 672 qua
1022 624 1089 661 est
1125 619 1289 661 Graecae
1326 619 1490 671 linguae
1521 617 1699 672 peritia,

189 678 349 724 multa,
375 690 472 730 quae
494 679 551 719 ab
574 679 671 720 istis
707 691 785 732 per
817 677 995 732 ellipsin
1027 677 1244 731 explicata
1264 677 1459 722 fuerant,
1487 676 1543 718 ab
1579 674 1701 715 omni

123 734 333 788 99e11ipsi
369 747 507 777 vacua
527 749 621 776 esse
656 737 936 787 intellicreret‚
959 735 1114 776 vellem
1135 738 1281 776 tamen
1313 747 1400 775 non
1436 735 1507 775 hic
1530 733 1620 774 illic
1651 732 1698 772 in

187 792 375 844 singulis
415 794 633 834 erroribus
667 794 867 834 notandis
908 805 1086 846 operam
1122 792 1422 846 impendisset,
1458 790 1549 838 sed,
1580 788 1699 843 quod

187 854 322 904 caput
342 855 408 892 est
428 851 506 897 rei,
528 850 574 891 in
594 851 843 892 universum
864 849 1146 900 ostendisset,
1166 850 1272 901 quid
1301 853 1416 889 esset
1446 847 1631 902 ellipsis,
1657 849 1702 886 et

187 920 415 960 quousque
432 920 537 948 usus
556 909 650 961 ejus
672 911 857 962 pateret.
920 907 1048 958 Quod
1070 908 1141 948 ille
1162 907 1197 948 si
1220 907 1414 954 fecisset,
1447 918 1533 947 non
1571 902 1699 944 modo

187 964 318 1017 longe
337 965 513 1006 facilius
533 966 810 1019 superiorum
840 978 1008 1006 errores
1039 965 1255 1018 potuisset
1290 965 1479 1016 aperire,
1512 961 1585 1002 sed
1606 962 1702 1015 ipse

187 999 323 1063 etiaom
343 1023 427 1062 sibi
448 1024 649 1070 cavisset,
673 1037 741 1071 ne,
773 1024 889 1077 quod
921 1023 1142 1064 interdum
1163 1023 1219 1063 ab
1247 1035 1301 1062 eo
1323 1021 1490 1062 factum
1505 1022 1590 1069 -,est
1622 1021 1700 1060 aut

187 1080 355 1120 nullam
374 1092 469 1119 esse
498 1081 778 1122 contenderet
810 1081 1002 1134 ellipsin,
1038 1093 1133 1133 quae
1170 1093 1269 1120 vere
1302 1079 1469 1130 ellipsis
1506 1080 1587 1127 est,
1622 1081 1700 1118 aut

186 1149 297 1188 eam,
332 1150 429 1189 quae
463 1138 584 1178 nulla
621 1141 705 1185 est,
737 1138 1057 1180 admittendam
1093 1142 1299 1179 censeret.
1374 1134 1537 1177 Eodem
1573 1135 1701 1176 modo

184 1207 261 1243 res,
275 1198 376 1235 acta
405 1198 471 1235 est
506 1195 552 1235 in
583 1196 853 1248 pleonasmo.
917 1194 1044 1242 Quod
1075 1198 1303 1249 optaverat
1339 1191 1702 1246 Wyttenbachius

183 1264 230 1305 p.
254 1250 354 1292 415.
376 1252 431 1292 ad
453 1249 635 1305 Eclogas
657 1254 906 1300 historicas,
926 1256 975 1294 ut
1005 1254 1082 1294 hos
1113 1266 1302 1305 quoque,
1334 1250 1705 1305 quemadmodum

187 1307 340 1350 Bosius
361 1309 551 1360 ellipses‚
574 1311 733 1362 aliquis
754 1315 1059 1364 pertractaret,
1093 1311 1136 1351 id
1156 1311 1302 1351 facere
1325 1309 1500 1351 tandem
1522 1312 1714 1365 conatus*

185 1370 253 1408 est
273 1364 396 1419 Benj-
419 1365 660 1418 Weiskius,
691 1369 756 1408 vir
777 1369 954 1408 subtilis
970 1369 1144 1420 judicii,
1177 1368 1296 1408 edito
1327 1367 1440 1407 libro
1469 1367 1521 1407 de
1545 1366 1707 1406 Graecae

184 1424 347 1476 linguae
367 1423 649 1477 pleonasmis.
711 1424 797 1466 Hic
819 1438 920 1466 vero
941 1437 1077 1477 quum
1114 1425 1327 1465 latissime
1358 1429 1510 1478 patere
1543 1435 1704 1463 nomen

184 1481 430 1534 pleonasmi
467 1482 865 1528 animadvertisset,
900 1482 1054 1523 callide
1075 1494 1172 1522 eam
1207 1481 1356 1535 posuit
1390 1480 1704 1526 definitionem,

186 1543 285 1590 quae
305 1538 382 1578 hos
402 1541 592 1585 tantum,
625 1539 700 1591 qui
737 1540 901 1591 injuria
921 1540 1163 1606 pleonasxni
1192 1539 1473 1585 haberentur,
1507 1549 1702 1591 compre-

187 1594 427 1642 henderet;
459 1608 548 1648 quo
567 1597 735 1637 factum
755 1601 836 1647 est,
868 1601 918 1638 ut
948 1597 1042 1643 hos,
1067 1598 1143 1649 qui
1176 1609 1274 1636 vere
1308 1599 1409 1635 sunt
1443 1594 1705 1648 pleonasmi,

188 1650 449 1706 praeteriret.
511 1651 580 1694 Ita
600 1650 813 1706 singulari
835 1653 1031 1706 profecto
1051 1666 1155 1695 casu
1188 1652 1362 1699 accidit,
1399 1657 1449 1692 ut
1480 1650 1704 1694 Lamberti

192 1707 315 1750 Bosii
336 1709 446 1750 liber
466 1709 519 1750 de
540 1711 683 1764 ellipsi
706 1711 944 1751 maximam
966 1714 1138 1766 partem
1160 1711 1219 1752 sit
1237 1711 1542 1765 pleonasmus,
1563 1706 1727 1750 Weis-

193 1767 258 1808 kii
280 1766 335 1807 de
354 1767 610 1821 pleonasmo
630 1768 814 1822 ellipsis.

255 1821 363 1870 Quae
386 1837 523 1877 quum
544 1825 608 1866 ita
629 1826 734 1874 sint,
756 1829 929 1866 tantum
949 1827 1091 1871 abest,
1114 1829 1177 1876 ut,
1199 1829 1402 1866 naturam
1434 1825 1639 1878 ellipseos
1662 1836 1714 1865 ac

196 1881 441 1936 pleonasmi
482 1884 702 1937 explicare
739 1884 1061 1936 aggredientes,
1108 1886 1255 1925 actum
1288 1883 1428 1924 acturi
1465 1882 1619 1930 simus,
1664 1887 1716 1924 ut

199 1940 342 1992 magis
361 1940 407 1980 id
426 1940 570 1981 facere
592 1942 888 1992 instituamus,
909 1942 1026 1993 quod
1046 1954 1182 1995 quum
1213 1945 1315 1982 ante
1350 1941 1499 1981 omnia
1529 1939 1625 1994 fieri
1645 1939 1717 1980 de-

114 1997 387 2048 100buisset,
422 1999 612 2038 nondum
647 2002 713 2040 est
741 2011 769 2039 a
797 2011 1012 2052 quoquam
1053 2000 1234 2040 factum.
1305 1997 1464 2040 Parum
1499 2001 1567 2039 est
1603 1997 1722 2038 enim

207 2054 367 2102 dicere,
396 2055 513 2108 quod
546 2056 731 2108 quisque
771 2057 909 2105 videt,
944 2058 1121 2110 ellipsin
1152 2070 1260 2098 esse·
1283 2057 1566 2097 omissionem
1602 2054 1722 2096 verbi

211 2113 457 2159 necessarii,
498 2114 799 2167 pleonasmum
838 2114 1129 2168 adjectionem
1169 2114 1290 2155 verbi
1343 2126 1429 2154 non
1478 2112 1728 2154 neceSsarii.

214 2168 334 2211 Nam
360 2170 468 2223 quid
502 2176 568 2211 est
599 2172 646 2212 in
682 2172 762 2213 hoc
785 2185 944 2224 genere
979 2173 1305 2213 necessarium?
1335 2174 1412 2212 aut
1442 2183 1530 2223 quo
1564 2169 1607 2210 id
1637 2176 1727 2210 mo-

216 2226 320 2268 dulo
342 2228 610 2270 metiendum
629 2232 696 2269 est
713 2231 729 2268 ?
763 2234 807 2270 et
825 2241 924 2282 quae
944 2230 1059 2270 ratio
1079 2234 1161 2278 est,
1192 2230 1229 2270 si
1263 2229 1381 2282 quod
1402 2229 1586 2269 verbum
1603 2230 1731 2268 'nunc

220 2285 418 2326 additum
457 2298 571 2327 nunc
609 2287 821 2327 omissum
860 2287 1090 2339 reperitur,
1121 2297 1196 2327 'ex
1249 2299 1338 2340 qua
1389 2286 1537 2338 colligi
1577 2285 1731 2338 possit,

221 2345 368 2383 utrum
389 2343 587 2385 additum
608 2344 816 2391 abundet,
839 2346 1049 2385 omissum
1075 2344 1360 2391 desideretur,
1382 2356 1439 2384 an
1475 2355 1567 2389 nec,
1601 2343 1636 2383 si
1658 2341 1733 2382 ad-

225 2400 300 2449 sit,
322 2401 603 2453 superfluum,
626 2414 720 2449 nec,
753 2401 787 2442 si
821 2401 952 2450 absit,
987 2402 1319 2454 intelligendum
1351 2401 1581 2442 videatur?
1617 2400 1738 2441 deni-

227 2469 313 2509 que
329 2458 428 2510 quis
449 2458 548 2499 finis
570 2463 651 2506 est,
669 2471 756 2511 quo
778 2459 862 2499 ista
882 2434 1156 2513 pleonasmie'
1161 2463 1293 2512 atque
1323 2458 1526 2513 ellipseos
1549 2457 1739 2498 licentia,

228 2515 505 2563 terminetur,
526 2529 581 2556 ne
601 2518 871 2570 pleonastica
892 2517 1103 2557 habeatur
1123 2518 1282 2563 oratio,
1303 2516 1339 2557 si
1372 2516 1471 2568 quis
1492 2516 1638 2556 omnia
1667 2515 1740 2555 bis

230 2574 348 2612 terve
380 2572 511 2619 dicat,
534 2574 744 2627 elliptica,
766 2574 802 2614 si
824 2574 974 2614 omnia
988 2575 1197 2615 omittens
1217 2587 1397 2628 prorsus
1424 2574 1598 2614 taceat?
1657 2570 1716 2613 N
1706 2586 1737 2612 1

233 2628 395 2668 mirum
420 2630 474 2670 ab
494 2643 573 2671 usu
604 2635 734 2683 atque
754 2631 1044 2684 experientia,
1081 2632 1198 2684 quod
1231 2632 1439 2672 hactenus
1466 2631 1633 2671 factum
1654 2633 1735 2674 est,

235 2684 324 2726 haec
345 2687 484 2738 repeti
519 2693 751 2740 nequeunt,
772 2688 877 2742 quia
915 2701 1037 2736 usuS,
1069 2689 1176 2742 quid
1204 2689 1298 2754 flat,
1335 2688 1477 2734 docet,
1511 2700 1598 2729 non
1635 2686 1742 2739 quid

236 2741 394 2783 debeat
414 2743 524 2793 fieri,
543 2749 620 2785 aut
650 2746 743 2786 fieri
777 2758 864 2786 non
898 2747 1061 2799 possit:
1096 2747 1168 2787 sed
1201 2746 1246 2786 in
1285 2746 1391 2786 illud
1422 2747 1489 2786 est
1521 2744 1741 2796 inquiren-

236 2799 391 2847 dum,
379 2812 425 2839 1n
445 2811 532 2852 quo
552 2807 710 2843 natura
743 2803 890 2856 posita
910 2807 976 2843 est
1008 2804 1151 2844 omnis
1184 2803 1409 2850 orationis,
1437 2802 1553 2855 quod
1586 2801 1743 2848 solum,

237 2857 344 2908 quia
362 2861 572 2898 aeternum
591 2864 655 2901 est
674 2864 716 2901 et
746 2861 1036 2910 immutabile,
1054 2866 1192 2901 certas
1225 2861 1454 2912 firmasque
1474 2862 1619 2912 potest
1648 2870 1743 2899 ora-

237 2914 373 2954 tionis
391 2915 506 2966 leges
537 2918 770 2957 continere.
833 2915 1111 2958 Servabimus
1145 2923 1292 2958 autem
1329 2930 1407 2957 nos
1442 2916 1616 2969 quidem
1654 2915 1746 2956 vul-

239 2983 366 3024 gares
387 2971 496 3013 istas
517 2972 805 3026 definitiones,
835 2986 942 3026 quas
964 2975 1092 3015 modo
1120 2974 1562 3016 commemoravimus.
1626 2972 1742 3014 Nam
