1838 3164
132 197 143 215 s
224 168 306 211 196
579 164 654 209 DE
683 161 888 213 ELLIPSI
917 135 988 209 Er
1015 166 1356 208 PLEoNAsMo

212 283 390 340 penitus
419 283 578 332 mutat,
613 283 833 326 abundare
852 287 1015 339 posset.
1077 280 1223 330 Quare
1258 279 1328 320 his
1344 277 1520 333 quidem
1549 278 1597 320 in
1615 278 1722 320 locis

214 355 303 384 non
326 343 507 385 dubium
526 342 714 391 videtur,
736 344 842 396 quin
862 341 943 382 οὐδὲ
977 341 1080 382 ἔασεν
1110 338 1243 381 scribi
1264 337 1434 378 debeat.
1493 334 1618 377 Facit
1646 348 1722 378 au-

213 403 304 442 tem
325 402 386 455 ἐᾷν
407 402 565 455 saepius
598 400 768 442 hiatum
798 410 1040 454 praegresso
1071 416 1101 445 ε,
1123 402 1171 438 ut
1200 394 1322 436 Iliad.
1351 394 1406 435 A.
1447 392 1542 435 165.
1572 392 1619 434 P.
1653 391 1729 437 16..

214 455 272 498 X.
289 457 389 500 339.
414 456 570 513 Odyss.
593 456 651 498 Δ.
674 455 779 498 805.
795 455 853 494 Κ.
875 454 974 496 536.
997 454 1046 496 Σ.
1065 453 1164 496 420.
1226 452 1295 493 De
1315 451 1415 492 aliis
1432 452 1584 493 multis
1603 452 1722 504 pleo-

210 527 466 557 nasmorum
483 514 709 568 exemplis,
732 525 760 552 a
780 511 939 565 quibus
966 515 1084 552 recte
1116 510 1338 552 intellecta
1358 509 1479 550 verbi
1499 509 1565 549 vis
1585 521 1723 549 remo-

209 576 285 614 vet
304 574 625 627 pleonasmum‚
660 570 746 610 duo
776 572 950 609 tantum
983 568 1206 621 adjiciam,
1234 579 1388 615 unum,
1419 567 1467 607 in
1500 578 1588 619 quo
1619 562 1724 613 εἶναι,

208 629 398 671 alterum
418 631 464 671 in
483 642 571 683 quo
586 626 762 681 negatio
781 629 964 680 putatur
978 625 1212 666 abundare.

268 684 398 733 Quod
419 685 560 727 Graeei
589 686 739 727 dicunt
769 681 860 724 ἑκὼν
890 680 995 732 εἶναι,
1027 681 1070 722 τὸ
1109 686 1168 723 νῦν
1201 678 1305 730 εἶναι,
1337 683 1382 722 et
1416 680 1596 729 Similia,
1627 684 1724 723 tan-

208 746 307 785 tum
327 745 466 795 abest,
486 746 535 784 ut
549 756 628 797 per
650 755 695 783 se
724 741 1025 795 pleonasmum
1056 740 1327 788 contineant,
1357 741 1409 780 ut
1438 739 1570 793 plane
1604 739 1726 780 aliud

210 801 474 854 significent,
503 813 636 854 quam
666 798 887 852 simplicia
917 798 1008 839 ἑκὼν
1028 798 1096 839 vel
1119 796 1163 838 τὸ
1186 801 1259 839 νῦν.
1321 795 1448 838 Plato
1477 797 1524 838 in
1560 795 1727 849 Gorgia

209 870 307 913 cap.
333 858 429 900 118.
451 872 496 913 p.
515 856 612 898 499.
633 855 685 898 Ε.
712 857 834 897 καίτοι
855 859 921 897 οὐκ
951 857 1056 912 ᾤμην
1076 873 1121 905 «γε
1140 856 1228 895 κατ’
1250 853 1379 910 ἀρχὰς
1399 852 1471 894 ὑπὸ
1497 858 1560 895 σοῦ
1581 854 1727 895 ἑκόντος

209 912 300 956 εἶναι
332 913 718 965 ἐξαπατηθήσεσθαι,
750 916 799 955 ὡς
829 911 934 955 ’ὄντος
968 915 1098 966 φίλου.
1169 910 1255 960 Qui
1297 913 1336 952 si
1370 908 1458 952 εἶναι
1489 911 1724 960 omisisset,

209 973 293 1013 hoc
312 973 496 1014 dixisset
515 986 525 1012 ε
559 971 682 1028 atqui
701 985 788 1013 non
805 970 1009 1027 putabam
1032 967 1162 1012 initio
1181 983 1247 1011 me
1269 983 1296 1011 a
1317 973 1357 1010 te
1374 967 1486 1010 ultro
1511 967 1728 1022 deceptum

208 1028 285 1078 iri,
309 1043 398 1071 non
418 1030 617 1072 indicans
638 1030 730 1071 fieri
749 1029 962 1084 potuisse,
983 1032 1034 1070 ut
1063 1029 1200 1070 etiam
1228 1028 1285 1068 ab
1316 1027 1591 1080 imprudente
1612 1025 1728 1067 deei-

206 1090 415 1140 peretur:
448 1100 564 1130 nunc
600 1091 747 1129 autem
767 1087 918 1128 addito
940 1084 1028 1127 εῖναι
1059 1087 1141 1128 hoc
1169 1086 1302 1127 dicit:
1336 1082 1461 1140 atqui
1485 1096 1573 1125 non
1593 1089 1725 1139 puta-

207 1143 304 1186 bam
336 1143 466 1188 initio
485 1159 565 1198 me,
599 1143 639 1187 si
659 1158 687 1186 a
708 1151 748 1187 te
765 1143 992 1201 deciperer,
1019 1143 1084 1186 ita
1105 1143 1326 1200 deceptum
1347 1140 1423 1193 iri,
1444 1147 1492 1183 ut
1517 1155 1583 1182 me
1603 1139 1728 1182 velles

207 1200 411 1258 decipere.
490 1202 569 1245 Est
607 1203 726 1244 enim
761 1202 851 1243 ἑκὼν
883 1201 971 1244 εἶναι
1010 1202 1187 1257 proprie
1222 1200 1283 1242 ad
1314 1199 1428 1242 ultro
1453 1197 1728 1255 faciendum.

207 1257 377 1312 Negari
402 1264 553 1303 tamen
592 1273 678 1302 non
709 1263 869 1315 potest,
909 1262 954 1302 in
986 1261 1068 1302 hac
1110 1259 1302 1303 formula
1346 1258 1478 1308 idem,
1521 1256 1637 1309 quod
1680 1257 1728 1298 in

206 1317 325 1365 aliis,
349 1319 575 1367 accidisse,
591 1322 642 1360 ut
663 1320 804 1360 multo
833 1331 916 1360 usu
939 1317 1108 1372 aliquid
1134 1317 1188 1358 de
1217 1317 1398 1370 propria
1417 1316 1460 1357 vi
1491 1315 1728 1356 amitteret.

205 1370 327 1415 Hinc
356 1377 578 1418 interdum
607 1389 707 1418 vere
734 1376 933 1418 abundat
964 1373 1066 1417 εἶναι.
1126 1373 1375 1415 Herodotus
1405 1372 1482 1414 vii.
1519 1369 1614 1428 164.
1651 1370 1728 1412 ὅδὲ

207 1427 376 1479 Κάδμος
409 1434 532 1485 οὗτος,
566 1435 745 1488 πρότερον
777 1435 936 1473 τουτέων
975 1430 1286 1488 παραδεξάμενος
1320 1429 1431 1485 παρὰ
1469 1428 1619 1483 πατρὸς
1657 1427 1728 1470 την

111 1489 405 1544 211τυραννίδα
425 1489 549 1532 Κώων
572 1488 612 1530 εὖ
630 1493 856 1538 βεβηκυῖαν,
893 1490 982 1531 ἑκών
1017 1507 1058 1530 τε
1095 1486 1199 1536 εἶναι,
1227 1487 1290 1527 καὶ
1312 1486 1423 1529 δεινοῦ
1441 1485 1606 1527 ἐπιόντος
1626 1484 1727 1525 οὐδε-

206 1544 281 1594 νός,
303 1548 393 1586 ἀλλ’
427 1547 500 1587 ὑπὸ
520 1547 762 1599 δικαιοσύνης,
786 1549 822 1588 ἐς
840 1549 951 1595 μέσον
971 1545 1113 1587 Κῶοισι
1133 1543 1319 1585 καταθεὶς
1334 1544 1405 1586 την
1426 1541 1572 1598 ἀρχὴν,
1595 1541 1729 1594 οἷ’χετο

207 1604 246 1644 ἐς
286 1602 475 1646 Σικελίην.
555 1603 684 1650 Quod
724 1604 1002 1656 grammatici
1029 1604 1331 1647 observarunt,
1379 1600 1470 1640 ἑκὼν
1510 1595 1599 1638 εἶναι
1637 1599 1727 1652 ple-

205 1673 393 1713 rumque
417 1673 659 1714 praegressa
689 1660 922 1711 negatione
951 1659 1056 1705 dici,
1088 1658 1292 1698 idoneam
1328 1657 1462 1698 habet
1495 1656 1729 1697 rationem.

208 1716 329 1759 Nam
350 1730 486 1770 quum
517 1716 608 1758 ἑκὼν
645 1713 733 1756 εἶναι
756 1716 831 1765 sit,
858 1720 908 1755 ut
928 1714 1023 1770 quis
1056 1719 1204 1770 sponte
1238 1712 1408 1770 aliquid
1430 1710 1593 1771 faciat,
1629 1724 1729 1754 raro

208 1776 333 1816 nulla
350 1773 624 1829 praecedente
645 1772 883 1825 negatione
912 1773 959 1813 id
988 1772 1167 1827 proprie
1183 1771 1270 1812 dici
1291 1775 1453 1825 potest.
1515 1770 1728 1819 Quamvis

209 1833 330 1873 enim
348 1832 488 1873 multa
509 1834 664 1885 sponte
684 1830 916 1877 faciamus,
933 1834 1037 1871 sunt
1051 1833 1199 1878 tamen·
1219 1830 1265 1869 in
1286 1828 1356 1877 his
1371 1840 1608 1884 perpauca,
1629 1840 1727 1880 quae

210 1897 264 1931 eo
285 1890 378 1930 sine
392 1889 631 1936 faciamus,
653 1890 704 1929 ut
723 1900 778 1928 ea
797 1891 952 1942 sponte
977 1889 1098 1929 fiant.
1161 1885 1263 1927 Alia
1281 1900 1350 1929 res
1370 1886 1437 1929 e'st
1456 1885 1728 1941 praecedente

211 1948 462 2000 negatione.
522 1945 640 1987 Nam
660 1959 753 2000 quae
774 1958 862 1986 non
881 1945 1070 1986 facimus
1090 1948 1265 1999 sponte,
1290 1957 1343 1986 ea
1363 1958 1500 1999 quum
1519 1943 1728 1991 facimus,

211 2004 401 2046 facimus
431 2017 482 2046 eo
502 2005 702 2051 consilio,
724 2007 774 2044 ut
794 2003 999 2044 cedamus
1028 2003 1306 2048 necessitati:
1339 2004 1463 2056 cujus
1498 2003 1563 2044 rei
1595 2013 1731 2053 quum

211 2063 481 2103 contrarium
511 2061 587 2110 sit,
608 2064 764 2116 sponte
783 2061 949 2116 aliquid
978 2061 1139 2109 facere,
1160 2060 1239 2101 hoc
1258 2073 1338 2115 pro
1355 2061 1432 2102 illo
1461 2060 1730 2101 nominatur.

212 2117 370 2172 Itaque
389 2133 472 2174 pro
492 2132 558 2171 eo,
579 2119 696 2172 quod
715 2118 802 2160 dici
822 2119 1025 2167 debebat,
1037 2115 1164 2176 facio
1185 2117 1272 2170 hoc,
1297 2123 1346 2159 ut
1377 2116 1522 2159 cedam
1539 2114 1727 2173 cogenti,

212 2180 333 2218 recte
363 2177 524 2219 dicitur
545 2179 624 2226 ita,
641 2189 723 2218 ηοη
733 2174 860 2233 facio
891 2175 982 2224 hoc,
1014 2182 1063 2218 ut
1090 2180 1238 2232 sponte
1254 2174 1439 2234 faciam.
1499 2174 1618 2216 Satis
1648 2174 1732 2214 erit

215 2233 332 2275 hunc
351 2247 479 2276 usum
499 2247 588 2276 uno
608 2235 810 2288 exemplo
830 2234 1088 2276 illustrasse.
1149 2231 1392 2288 Xenophon
1425 2231 1583 2287 Cyrop.
1615 2231 1663 2272 ii.
1685 2229 1731 2278 2,

221 2290 288 2331 15.
309 2291 391 2332 οὐδὲ
412 2292 490 2340 μὴν
509 2293 629 2343 φίλοις
649 2310 712 2341 Ὑε,
744 2291 826 2332 οὐδὲ
847 2290 956 2340 ξένοις
987 2292 1078 2333 ἑκὼν
1098 2288 1187 2332 εἶναι
1220 2293 1378 2339 «γέλωτα
1411 2292 1625 2345 ωαρέχειςί
1658 2300 1732 2328 ne-

216 2347 329 2389 mini
356 2346 489 2391 risum
513 2349 670 2406 praebes
696 2362 748 2390 ea
767 2354 916 2401 mente,
945 2355 996 2392 ut
1015 2348 1065 2390 id
1081 2348 1222 2390 volens
1231 2346 1395 2411 facias,
1422 2346 1494 2389 sed
1515 2358 1645 2403 quum
1656 2343 1733 2401 sa-

218 2416 294 2452 εἰε,
305 2403 427 2462 facis
459 2405 747 2449 tantummodo
775 2413 824 2448 ut
846 2406 970 2449 cedas
995 2405 1252 2448 necessitan.
1312 2405 1467 2458 Neque
1489 2405 1568 2446 illa
1597 2402 1733 2453 τόξνῦν

218 2459 325 2510 εἶναι,
343 2463 387 2503 τὸ
418 2464 580 2520 τήμερον
614 2463 719 2513 εἶναι,
736 2464 852 2506 idem
874 2465 1135 2518 significant,
1153 2463 1270 2517 quod
1292 2468 1350 2506 νῦν
1371 2466 1415 2504 et
1435 2462 1614 2517 τήμερον,
1638 2459 1733 2507 sed,

217 2525 268 2559 ut
298 2518 347 2560 id
379 2534 505 2570 mmo,
541 2528 588 2564 ut
618 2522 666 2564 id
691 2521 812 2563 hodie
831 2520 907 2571 sit,
929 2522 975 2564 id
1008 2527 1088 2571 est,
1120 2527 1325 2577 quantu-m
1353 2517 1478 2562 hodie
1509 2518 1614 2561 sati-5
1643 2522 1734 2558 est.-

218 2577 338 2630 quod
358 2592 439 2620 nos
460 2580 664 2628 dicimus,
685 2578 913 2678 {izrjetza
922 2578 1009 2637 fiir
1023 2579 1144 2622 heute
1158 2595 1171 2620 .·
1221 2576 1466 2634 Κεχόρευται
1480 2577 1554 2632 ’γὰρ
1569 2576 1734 2630 μετρίως

125 2641 212 2687 212
223 2634 310 2683 τόγε
332 2635 494 2692 τήμερον
531 2635 632 2679 εῖναι.
735 2642 826 2678 ecte
862 2638 998 2691 igitur
1032 2639 1080 2679 in
1100 2636 1326 2691 Sophoclis
1361 2634 1464 2677 OEd.
1489 2633 1583 2675 Col.
1607 2631 1731 2676 1189.

220 2692 384 2745 legitur
401 2706 410 2732 ε
454 2693 585 2735 ‘'stem-e
617 2694 715 2742 μηδὲ
734 2694 878 2750 δρῶντα
900 2712 937 2735 σε
958 2693 1025 2736 Ta
1046 2697 1119 2735 τῶν
1138 2695 1301 2735 κάκιστα
1316 2693 1638 2741 &omem-dvm,
1659 2689 1734 2730 ‘ltd-

220 2766 299 2804 τερ,
322 2747 466 2799 Θέμις,
497 2753 534 2792 σε’
553 2754 590 2800 ’γ’
623 2750 728 2800 εἶναι,
751 2754 862 2793 κεῖνον
892 2752 1061 2807 οἷντιδξᾷν
1096 2755 1235 2792 κακῶς·
1260 2764 1339 2793 nec
1371 2750 1558 2792 debebat
1578 2747 1731 2789 Porso-

220 2819 304 2849 nus
326 2807 371 2848 in
392 2809 632 2862 appendice
653 2810 708 2851 ad
729 2808 900 2863 ,Toupii
932 2810 1256 2850 emendationes
1290 2809 1336 2849 in
1358 2808 1537 2849 Suidam
1556 2818 1600 2859 p.
1636 2802 1736 2844 453-

221 2868 301 2905 aut
321 2863 435 2907 hunc
454 2869 531 2906 aut
552 2865 816 2908 Brunckium
843 2867 1172 2922 reprehendere,
1195 2866 1309 2922 quod
1345 2864 1534 2907 Dawesii
1564 2862 1733 2914 conJee-
1767 2861 1770 2865 ’

222 2924 369 2963 turam
385 2919 494 2971 θέμιν
515 2936 601 2965 non
622 2925 904 2966 admiserunt.
965 2924 1127 2966 Sensus
1147 2928 1230 2972 est,
1244 2930 1293 2966 ut
1310 2928 1356 2966 tu
1370 2921 1430 2967 sis
1442 2920 1497 2975 258,
1515 2919 1589 2979 qui
1606 2917 1730 2963 illum

222 2978 352 3026 malis
362 2987 658 3027 remuneretur.
721 2981 832 3035 Nos,
855 2981 914 3028 du
917 2981 1006 3039 fiir
1026 2981 1151 3027 deine
1163 2994 1333 3040 person.
