1838 3164
170 132 250 178 136

692 148 888 184 ELLIPSIS
907 146 1140 182 NOMINUM.

167 247 319 302 Viger.
339 262 380 305 p.
407 249 502 293 136.
534 249 747 294 ScnwEs.
807 251 1126 306 Aristophanes
1160 245 1280 290 Nub.
1321 243 1440 289 1156.
1486 244 1550 287 καὶ
1579 246 1671 302 τοέρ.

168 310 288 360 χαῖα.
319 307 383 349 καὶ
403 309 504 350 τόκοι
524 310 654 351 τόκων.
685 310 764 351 ubi
793 308 940 351 Gloss.
963 309 1016 351 τοὶ
1035 308 1241 361 κεφάλαια.
1259 304 1370 348 Add.
1387 304 1622 360 Alciphron
1641 304 1670 349 i·

168 378 238 421 ep.
251 363 324 407 26.
343 366 412 410 iii.
433 379 505 423 ep.
526 367 572 411 3.
604 367 806 410 ScuAEr.

638 469 663 494 ³¹⁵
695 464 965 515 ΚΕΦΑΛΗ,
996 462 1213 509 CAPUT.

221 545 276 589 In
296 547 426 597 ἆλγέω
445 549 531 595 τήν.

590 548 888 592 Callimachus
909 549 1050 604 epigr.
1080 547 1151 591 34.

334 604 495 656 ἈλὙέω
516 606 586 650 τῆν
607 606 668 648 διαὶ
684 607 847 656 παντὸς,
876 607 966 648 ’έπος
986 606 1069 647 τόδε
1089 604 1221 662 πικρὸν
1242 606 1398 647 α’κούων.

338 661 509 720 Semper
527 663 653 719 (capu
660 665 698 720 t)
719 663 846 714 dolet,
860 663 1053 707 acerbum
1071 662 1146 706 hoc
1168 661 1337 705 verbum
1351 659 1558 705 audienti.

171 717 476 775 Supplendum
506 735 559 764 ex
586 726 733 764 mente
759 721 977 764 Bentleii:

165 776 309 830 ipsum
339 780 530 833 elliptice
574 792 656 834 pro
698 783 828 829 οἷλγέω
856 779 961 821 κατὰ
989 778 1060 823 τὴν
1101 778 1273 832 κεφαλὴν

163 833 333 934 1Αυῗοι·
349 841 497 879 noster
525 837 643 880 infra
672 838 718 879 in
751 836 890 880 Κατά.

185 905 233 932 ec
258 906 317 941 10,

1017 720 1172 771 Δοἶλτγέω
1214 720 1286 764 τὴν
1328 719 1516 773 κεφαλῆν,
1559 715 1676 773 quod

1317 779 1438 833 poni,
1476 779 1677 819 observat

951 836 1021 892 [In
1043 836 1313 878 Callimacho
1343 836 1379 876 si
1411 835 1522 878 bene
1546 834 1678 876 habet

355 894 491 948 poeta
519 894 590 937 τὴν
625 894 815 938 δεικτικῶς
842 895 1016 937 videtur
1043 894 1219 935 dixisse.

1277 891 1405 934 Tales
1441 896 1589 934 autem
1617 892 1677 933 el-

164 949 323 1003 lipses„
337 943 510 1006 opinor,
549 952 663 994 hunc
690 955 737 995 in
767 954 929 995 librum
962 966 1051 994 non
1080 952 1221 1004 magis
1242 950 1513 998 inducendae,
1542 961 1677 1003 quam

167 1008 553 1060 epigrammaticae,
583 1011 638 1052 de
657 1011 816 1065 quibus
833 1011 984 1066 paullo
1004 1012 1104 1052 ante
1124 1009 1234 1049 dixi.
1292 1006 1379 1048 Sed
1397 1007 1589 1054 dubites,
1618 1018 1678 1047 an

166 1062 488 1108 Callimacheus
527 1069 649 1110 locus
693 1073 812 1111 recte
861 1069 1036 1109 habeat.

166 1118 413 1166 Brunckius
426 1123 471 1165 in
487 1124 712 1168 Analectis
732 1127 854 1167 dedit
873 1128 1001 1174 ἀλγέω
1018 1124 1165 1168 &izv—-

757 1183 977 1239 SanEF]

163 1178 411 1227 fatendum,
433 1195 522 1223 non
539 1184 696 1235 liquet.

1095 1065 1185 1107 Alii
1235 1065 1325 1106 alia
1371 1066 1677 1118 conjecerunt:

1225 1120 1361 1171 Mihi,
1396 1121 1514 1175 quod
1546 1121 1679 1163 toties

220 1233 332 1277 Item
361 1237 409 1278 in
437 1238 737 1289 ἀποτέμνεσθαι,
772 1241 891 1293 quod
915 1240 1173 1296 simpliciter
1188 1238 1382 1293 positum
1410 1236 1528 1292 apud
1557 1236 1681 1279 Grae-

162 1304 236 1332 cos
269 1294 532 1335 recentiores
566 1297 734 1348 passim
771 1299 976 1346 occurrit,
1005 1309 1178 1350 semper
1209 1295 1354 1335 omitti
1385 1294 1456 1337 τὴν
1489 1295 1678 1348 κεφαλὴν,

163 1349 335 1403 prolixe
368 1351 562 1393 ostendit
582 1351 782 1394 Kiihnius
803 1352 968 1400 Quaest.
991 1353 1153 1396 Philol.
1175 1351 1300 1394 Pent.
1322 1351 1366 1393 5.
1386 1365 1434 1406 p.
1462 1350 1555 1394 12².
1627 1350 1680 1394 In

205 1478 226 1497 ⁸
247 1474 401 1508 Libellus
415 1475 473 1508 hic
488 1475 621 1509 Kiihnii
634 1477 799 1510 bonarum
820 1477 893 1519 ple-

164 1527 227 1550 nus
249 1528 360 1551 rerum
398 1519 627 1559 (Quaestiones
655 1521 891 1562 Philologicae‚

164 1566 199 1592 et
225 1560 334 1593 Sacris
363 1562 496 1594 Veteris
519 1569 552 1595 et
576 1564 666 1597 Novi
689 1565 892 1597 Testamenti

163 1604 310 1645 aliisque
326 1605 567 1647 scriptoribus,
583 1608 617 1639 in
639 1609 893 1649 Argentoraten-

162 1646 195 1678 si
210 1648 391 1680 Academia
411 1650 454 1681 ad
480 1650 716 1690 disputandum
739 1651 894 1692 proposi-

163 1695 207 1721 tae
229 1701 250 1721 a
272 1691 453 1723 Joachimo
486 1693 639 1726 Kiihnio.
682 1694 893 1735 Argentorati

165 1741 370 1781 MncJtcrrx.
396 1735 446 1774 4.)
473 1746 551 1768 cum
582 1737 616 1768 in
648 1748 894 1778 perpaucorum

164 1776 323 1808 manibus
356 1783 515 1817 versetur,
550 1781 665 1812 locum
702 1781 798 1812 illum
827 1780 894 1812 viri

164 1819 294 1867 egregii
312 1819 477 1863 integrum
499 1833 578 1854 cum
593 1823 779 1855 lectoribus
802 1834 895 1856 com-

164 1863 360 1895 municabo.
403 1864 427 1880 “
444 1864 595 1902 Quaestio
606 1877 640 1898 v.
686 1867 778 1904 Quid
791 1866 897 1908 signi-

164 1906 242 1936 ficat
256 1907 347 1946 apud
371 1908 574 1941 recentiores
600 1910 737 1942 Graecos
764 1910 798 1941 cro*
819 1912 898 1941 oim-

164 1947 327 1987 τέμνεσθαι
348 1949 552 1991 simpliciter
565 1953 714 1993 positum
731 1954 742 1985 ἓ
788 1953 894 1994 Resp.

165 1991 309 2039 Rhotius
334 1991 367 2023 in
395 1993 632 2026 Nomocanone
655 1996 708 2028 tit.
725 1998 756 2028 9.
785 2007 816 2028 c.
840 2001 894 2028 25.

166 2039 252 2065 citat
267 2034 461 2076 hujusmodi
477 2038 776 2071 constitutionem:
797 2038 895 2079 μηδεὶς

163 2077 304 2119 {emo-derat
331 2079 435 2117 μάντιν
479 2079 496 2114 ἦ
519 2080 613 2115 θύα-ην
649 2081 667 2115 ἢ
703 2082 894 2119 οἷωνοσκὸπον,

163 2119 243 2159 μήτε
274 2121 491 2163 χρηματιζίτω
516 2123 676 2164 χαλδαῖος,
707 2124 724 2159 ἢ
745 2127 895 2165 μαθημα-

166 2163 257 2199 τικὸς,
281 2163 299 2197 ἥ
315 2176 358 2198 τις
374 2166 589 2208 παραπλήσιος.
613 2168 627 2198 o‘
651 2166 678 2197 δὲ
700 2169 780 2210 παρὰ
795 2169 896 2199 ταῦτα

167 2206 253 2236 ποιῶν
283 2207 492 2248 ciffos-{pumma
529 2216 562 2242 et
587 2210 622 2241 in
646 2211 784 2252 Eclogis
808 2217 898 2242 Bam-

167 2249 276 2280 λικᾶἷνε
314 2247 357 2281 δεῖ
389 2251 437 2282 τὸν
473 2254 790 2297 πλαστογραφῆσαντω
821 2256 896 2285 ἀπο-

167 2291 339 2340 τέμνεσθαι.
383 2295 472 2335 quod
486 2296 644 2328 ultimum
659 2298 775 2329 Petrus
789 2298 896 2330 Faber

171 2335 235 2366 hb.
260 2337 292 2366 3.
318 2335 536 2370 Semestrium
564 2350 600 2380 p.
625 2342 699 2372 306.
724 2340 771 2372 ita
794 2341 896 2373 inter-

166 2383 335 2419 pretatur:
358 2386 478 2421 oportet
491 2383 564 2419 illis,
581 2385 637 2423 qui
651 2383 756 2424 falsas
770 2386 895 2417 tabulas

165 2424 349 2469 fonfim'unt,
360 2425 542 2456 membrum
551 2427 642 2456 virile
654 2432 838 2467 amputare,
860 2433 893 2459 et

166 2474 203 2495 1n
216 2465 484 2505 praecedentibus
494 2468 662 2501 contendit
673 2471 707 2500 τὸ
717 2471 895 2511 &novimer-

168 2508 226 2538 ,θαι
256 2513 370 2539 notare
402 2510 648 2543 mutilationem
686 2517 719 2544 et
744 2520 895 2556 amputa-

167 2549 295 2598 tionem
310 2551 448 2583 alterius
462 2554 618 2593 membri,
646 2566 746 2596 quam
760 2557 894 2598 capitis.

174 2593 340 2633 Orlgenes
352 2595 594 2629 Exhortatione
617 2600 660 2630 ad
676 2599 873 2640 Martyrium
886 2615 892 2630 :

170 2635 197 2666 2³1¹
221 2650 290 2670 τινος
321 2638 373 2667 καὶ
392 2638 490 2669 Σέλλου
516 2641 567 2674 τῆς
585 2643 716 2681 κεφαλῆς
740 2643 772 2672 at‘
793 2643 895 2686 «τρίχες

169 2679 361 2723 ‘hysamnus
406 2682 466 2718 εἰσὶ,
499 2683 636 2724 κᾴκεῖνοις
673 2683 801 2719 δῆλονὸτι
838 2689 895 2721 τοῖς

959 1476 1005 1510 διὰ
1026 1477 1073 1510 τόν
1095 1477 1199 1512 Ἰησοῦν
1224 1476 1467 1518 ἀποκρινομένοις.
1489 1476 1551 1509 ubi
1570 1476 1681 1509 reddi-

956 1528 1012 1555 tur
1033 1522 1078 1554 ab
1100 1521 1241 1554 Erudito
1266 1520 1349 1552 Viro
1366 1533 1374 1551 ι
1394 1523 1457 1552 illis
1479 1523 1535 1562 qui
1550 1526 1681 1562 propter

962 1567 1126 1597 Christum
1140 1565 1311 1597 consecrati
1322 1569 1408 1596 sunt.
1418 1563 1488 1595 Nos
1501 1574 1580 1595 vero
1591 1562 1682 1594 exis-

958 1608 1131 1648 timamus,
1167 1608 1202 1638 τὸ
1229 1606 1448 1646 ἀποτέμνεσθαι
1478 1606 1682 1648 simpliciter

960 1652 1031 1683 sine
1047 1663 1125 1684 casu
1142 1649 1290 1693 positum
1306 1660 1472 1691 nunquam
1493 1649 1587 1682 aliud
1611 1648 1681 1690 sig-

959 1695 1095 1727 nificare
1116 1705 1215 1736 quam
1230 1696 1377 1726 truncari
1395 1695 1507 1736 capite.
1551 1693 1682 1733 Integra

958 1738 1095 1779 quidem
1132 1737 1258 1770 locutio
1294 1737 1432 1768 haberet
1463 1735 1682 1777 ἐποτὶμνεοθαι

961 1781 1012 1814 τὴν
1029 1781 1158 1822 κεφαλήν
1174 1785 1188 1807 1
1199 1804 1206 1812 .
1237 1780 1424 1821 Nicephori
1437 1779 1584 1811 Breviar.
1602 1778 1681 1810 His-

960 1824 1105 1856 toricum
1148 1836 1183 1866 p.
1217 1827 1292 1855 232.
1331 1823 1383 1856 τὴν
1416 1822 1548 1862 κεφαλὴν
1592 1821 1682 1852 αὐτοῦ

961 1868 1172 1908 ἀποτμηθῆναι
1187 1866 1388 1911 vrgocerieraxx.
1433 1865 1523 1903 Quia
1537 1875 1615 1897 vero
1629 1874 1684 1897 res

961 1916 995 1942 et
1010 1911 1138 1942 locutio
1153 1917 1232 1943 nota
1246 1915 1278 1941 et
1290 1910 1324 1941 in
1337 1920 1395 1940 ore
1409 1908 1565 1940 omnibus
1579 1914 1684 1945 erant,

961 1954 1087 1985 omisso
1102 1965 1180 1986 casu
1195 1954 1298 1986 etiam
1321 1953 1493 1984 dicebatur
1517 1951 1685 1993 simplici-

960 2002 1024 2036 ter,
1057 1997 1285 2038 ἀποτέμνεσθαι,
1320 2002 1357 2028 ut
1393 1995 1517 2034 Latini,
1560 1994 1684 2027 omissa

960 2051 1044 2071 voce
1056 2043 1170 2080 securi,
1191 2041 1315 2078 dicunt,
1332 2049 1509 2081 percussus,
1526 2037 1550 2070 i.
1562 2048 1593 2070 e.
1608 2038 1686 2070 doro-

960 2084 1134 2124 ·repeveipczvus.
1179 2085 1228 2116 Ita
1263 2088 1296 2114 et
1330 2082 1363 2113 in
1401 2081 1520 2113 Activo
1553 2080 1684 2121 iria-'epu
1736 2109 1738 2111 ,

959 2127 1116 2169 Ἀρτέμιον,
1159 2129 1261 2169 capite
1299 2127 1459 2159 truncavit
1492 2126 1682 2156 Arbemium.

962 2169 1051 2201 idem
1075 2170 1221 2211 Niceph.
1244 2180 1279 2210 p.
1306 2170 1378 2199 175.
1400 2167 1481 2199 edit.
1504 2166 1633 2199 Petavii
1649 2172 1685 2199 et

961 2212 1110 2244 Codinus
1133 2225 1167 2255 p.
1187 2214 1259 2244 151.
1275 2210 1429 2254 κἭςῶδην,
1452 2210 1500 2241 τᾶν
1521 2210 1574 2240 καὶ
1587 2209 1684 2242 Ἀντί-

961 2268 1030 2292 παν,
1054 2256 1101 2287 τὸν
1123 2255 1319 2295 Zama-aphra
1342 2254 1388 2284 τὸν
1405 2252 1567 2296 Πςὸἳςομον.
1595 2252 1684 2286 Con-

961 2299 1010 2331 fer
1023 2299 1149 2330 Euseb.
1163 2300 1386 2330 Demonstrat.
1402 2296 1528 2338 Evang.
1542 2296 1605 2328 lib.
1629 2295 1686 2327 iii.

961 2353 997 2384 p.
1014 2345 1064 2373 12.
1109 2343 1203 2374 Unde
1219 2347 1251 2372 et
1265 2341 1336 2372 dies
1356 2340 1468 2378 festus,
1491 2339 1550 2381 qui
1567 2339 1599 2370 in
1614 2349 1685 2370 me-

960 2385 1103 2417 moriam
1115 2383 1347 2416 decollationis
1362 2382 1522 2424 Baptistae
1536 2383 1685 2414 celebra-

961 2429 1058 2460 batur
1073 2439 1093 2460 a
1105 2429 1222 2460 Graeca
1236 2426 1401 2462 Ecclesia,
1422 2426 1532 2457 dictus
1546 2426 1683 2465 ἀποτομὴ

961 2472 1014 2502 τοῦ
1028 2471 1123 2512 τιμίου
1150 2469 1316 2514 Προδρὸμου.
1362 2469 1510 2500 Codinus
1532 2469 1573 2499 de
1585 2468 1683 2500 Offic.

962 2515 1057 2547 Aulae
1072 2514 1323 2555 Constantinop.
1365 2513 1466 2544 Favet
1481 2511 1560 2543 huic
1577 2521 1684 2552 expo-

961 2558 1078 2589 sitioni
1095 2559 1168 2599 ipse
1189 2557 1332 2588 Photius
1350 2555 1496 2587 Scholiis
1509 2555 1543 2586 in
1558 2555 1685 2586 Nomo-

961 2611 1033 2633 can.
1056 2601 1351 2642 supralaudatum,
1375 2598 1435 2630 ubi
1452 2598 1487 2629 τὸ
1507 2597 1685 2638 ἀποτέμνεσ-

962 2645 1018 2675 θαι
1048 2644 1196 2685 explicat
1227 2654 1286 2685 per
1331 2640 1619 2682 ἀποκιφαλίζεσθοιι.
1651 2646 1686 2672 et

961 2687 1023 2718 lib.
1049 2691 1079 2718 5.
1103 2686 1141 2719 C.
1176 2688 1216 2718 de
1251 2685 1414 2718 Maleficis
1437 2685 1482 2716 ita
1503 2683 1686 2727 παραφράζει

220 2774 233 2797 1
263 2769 453 2818 Xenophon
468 2771 590 2815 Cyrop.
606 2773 682 2806 viii.
696 2777 728 2813 8,
741 2779 772 2806 3.
796 2776 1014 2816 ἀπετμήθησαν
1029 2776 1084 2811 «τὰς
1097 2777 1241 2817 κεφαλάς.
1289 2775 1348 2814 [Ut
1367 2775 1478 2807 scriba
1491 2774 1562 2806 illic
1576 2774 1685 2807 Guelf.

170 2811 255 2843 Cod.
268 2824 317 2844 Sic
334 2821 479 2846 errarunt
496 2817 609 2857 plures
624 2818 657 2849 in
666 2819 812 2851 Homer.
835 2814 875 2850 11.
898 2825 930 2851 Γ.
952 2831 984 2852 v.
1002 2823 1076 2852 292.
1090 2821 1149 2861 qui
1165 2831 1254 2851 error
1268 2819 1323 2851 vix
1339 2820 1457 2860 dignus
1470 2824 1540 2850 erat
1554 2824 1590 2850 ut
1605 2827 1685 2849 eno-

168 2860 314 2887 tax-etur:
337 2862 463 2892 tantum
488 2859 614 2898 aberat,
637 2866 673 2893 ut
690 2862 788 2904 ’γραφὴ
803 2863 854 2893 οὐκ
874 2863 983 2906 ἄχαρις
1008 2864 1076 2901 dici
1100 2865 1244 2905 posset]

1290 2864 1372 2895 Item
1400 2862 1509 2894 Anah.
1533 2861 1572 2894 ii.
1598 2863 1629 2899 6,
1655 2862 1686 2892 1.

170 2899 395 2938 ἀποτμηθέντες
412 2902 467 2935 τὰς
480 2904 614 2946 apochas
630 2904 832 2942 ἐτελεύτησαν.
880 2906 957 2942 vid.
978 2906 1128 2944 Fischer.
1155 2908 1225 2943 Ind-
1241 2906 1299 2942 Gr.
1322 2906 1355 2943 in
1380 2905 1528 2949 Palaeph.
1549 2914 1581 2938 v.
1594 2902 1685 2956 ’Are-

172 2941 291 2986 τέμνειν.
314 2943 496 2988 Semnan]
