1838 3164
563 165 883 208 PLEONASMI
912 163 1307 207 PRONOMINUM.
1638 163 1697 209 53

225 274 268 320 5.
299 277 507 322 Ceterum
537 281 780 324 cavendum
825 282 910 327 est,
950 291 1005 321 ne
1043 279 1184 332 frig-us
1220 278 1456 320 afferamus
1488 277 1612 331 locis,
1657 293 1690 323 a

166 336 330 389 quibus
370 338 583 392 insignis*
610 335 924 393 magnitudinis
962 336 1230 390 significatio
1266 335 1414 377 aliena
1445 340 1531 385 est,
1575 350 1688 380 neve

163 396 414 449 pronomini
433 396 658 438 indefinito
687 395 834 438 ubivis
854 394 1024 449 aliquid
1041 393 1247 449 ponderis
1265 392 1493 435 addamus.
1551 395 1688 439 Aliud

165 452 286 494 enim
304 457 389 502 est,
409 456 448 496 si
467 454 567 507 quis
587 455 765 508 ignarus
781 454 881 501 viae,
907 458 960 495 ut
988 450 1091 506 Cyri
1112 451 1233 494 Dise.
1253 450 1313 493 iv.
1334 448 1376 503 6,
1405 449 1478 492 10.
1498 454 1686 505 quaerit:

164 509 350 553 esox-rt,-
368 510 481 553 ὁδόςῖ
508 511 644 563 aliud,
663 525 763 554 cum
786 510 1035 566 Xenophon
1055 508 1168 565 Exp.
1191 508 1293 562 Cyri
1315 509 1375 550 vi.
1388 507 1432 562 5,
1446 506 1519 550 20.
1539 509 1651 553 dicit
1666 523 1685 551 ε

164 567 282 609 dms
299 583 338 608 τι
357 569 473 610 νάπος
491 570 510 609 ὅ
538 567 688 611 Πόντος
706 571 717 612 !
748 569 836 611 Sed
855 571 902 611 in
923 569 999 610 illo
1017 569 1112 610 loco
1130 567 1197 608 τὶς.
1210 570 1278 609 est
1301 564 1420 623 fere,
1439 569 1492 608 ut
1510 569 1557 608 et
1577 565 1687 620 Cyri

164 621 288 667 Disc.
320 626 371 668 ii.
405 626 444 677 1,
472 625 512 667 2.
532 629 579 667 et
597 625 642 668 4.
703 626 931 670 Fischerus
951 629 1098 668 autem
1130 626 1178 667 in
1203 623 1436 666 Animadv.
1454 623 1512 666 ad
1547 621 1684 667 Weu.

164 679 247 724 Gr.
261 683 311 725 ii.
333 695 377 738 p.
397 682 495 725 232.
518 684 610 726 haec
625 685 737 735 loca,
754 686 863 739 quia
880 697 967 726 non
984 684 1093 725 satis
1110 682 1342 735 diligenter
1361 693 1416 723 ea
1434 684 1684 734 notaverat,

162 739 281 808 inter
296 741 388 809 alia
402 742 572 791 retulit,
608 743 653 784 in
683 745 845 797 quibus
864 743 982 786 clara
999 745 1070 784 est
1102 739 1326 796 emphasis
1359 739 1686 792 magnitudinis

162 809 366 852 mugnis.
447 817 453 826 ·
1511 831 1514 836 .

218 854 263 897 6.
294 855 364 899 De
397 857 601 900 enclitico
621 874 678 899 τις
698 858 744 900 in
764 859 865 900 ὅστις
883 871 965 914 pro
998 857 1038 899 ὃς
1070 855 1262 910 Vigerus
1292 855 1342 897 ii.
1379 853 1421 896 5.
1454 866 1544 896 non
1562 858 1684 899 recte

160 913 297 965 tradit
333 915 434 956 ὅστις
466 928 562 957 esse
603 914 682 970 qui
718 915 906 972 quidem.
966 915 1031 957 Ac
1067 929 1123 956 ne
1151 915 1280 956 docet
1309 911 1506 967 quidem,
1533 923 1683 966 quam

162 971 259 1025 ipse
291 972 382 1014 vim
417 973 485 1014 his
519 972 692 1016 Latinis
710 976 892 1016 tribuat.
950 972 1002 1015 Id
1023 978 1189 1021 autem,
1218 971 1337 1024 quod
1370 968 1567 1012 Zeunius
1605 971 1684 1014 ad·

163 1029 338 1083 spersit‚
355 1044 566 1084 quorsum
587 1035 756 1086 spectet
789 1037 867 1074 aut
885 1044 1020 1086 quam
1039 1032 1128 1072 vim
1160 1030 1335 1077 habeat,
1369 1041 1453 1082 ego
1486 1040 1575 1070 non
1611 1029 1681 1071 in-

158 1087 325 1141 telligo.
386 1087 457 1130 Ne
477 1090 630 1141 multa,
663 1090 773 1131 mihi
809 1091 873 1132 sic
903 1090 1100 1132 videtur:
1133 1089 1172 1131 si
1204 1087 1287 1128 hoc
1303 1086 1539 1128 relativum
1557 1099 1685 1142 spec-

160 1147 228 1186 tat
258 1146 315 1187 ad
354 1146 576 1189 hominem
612 1161 698 1188 non
735 1153 919 1199 certum,
950 1144 1027 1188 sed
1063 1157 1383 1200 quemcunque,
1411 1143 1505 1186 vim
1543 1143 1590 1185 τὸ
1621 1143 1685 1187 τῖς

161 1215 286 1245 suam
318 1205 493 1256 retinet,
522 1209 567 1247 et
587 1205 668 1247 hoc
687 1206 836 1260 ipsum
861 1205 955 1247 vult
984 1204 1192 1258 intelligi,
1214 1202 1465 1256 clariusque
1484 1201 1613 1251 facit,
1643 1201 1685 1244 ὃς

160 1272 247 1302 non
266 1267 464 1316 spectare
498 1263 556 1304 ad
590 1267 756 1304 certum
790 1264 1044 1309 hominem;
1074 1265 1119 1303 et
1154 1260 1417 1315 simpliciter
1457 1258 1477 1299 ὅ
1512 1275 1551 1300 τι
1585 1258 1692 1301 δοκεῖ

159 1330 257 1359 esse
275 1317 490 1376 quidquid
522 1319 709 1368 videtur,
738 1333 838 1362 cum
871 1321 890 1360 ὃ
924 1319 957 1360 δ.
980 1321 1040 1361 sit
1059 1317 1189 1367 illud,
1221 1316 1337 1375 quod
1355 1315 1537 1358 videtur.
1596 1314 1685 1359 Ex·

157 1375 317 1429 emplis
352 1380 397 1417 et
433 1377 541 1418 locis
575 1379 705 1419 certis
741 1378 812 1420 hic
846 1378 911 1419 uti
946 1377 1182 1418 ridiculum
1217 1379 1363 1417 esset:
1397 1386 1528 1416 nemo
1560 1375 1685 1417 enim

156 1432 396 1484 dubitabit,
422 1433 522 1475 ὅστις
554 1435 657 1488 poni
678 1449 761 1490 pro
796 1434 834 1476 ὃς
868 1434 926 1486 ἃν,
961 1433 1231 1490 quicunque.-
1261 1445 1314 1474 ac
1341 1445 1399 1473 ne
1422 1431 1683 1486 proficerem

155 1490 333 1543 quidem
358 1491 603 1544 quidquam
641 1493 868 1548 exemplis,
907 1494 1014 1546 quia
1047 1492 1184 1533 etiam
1217 1490 1257 1531 ὃς
1284 1491 1382 1532 sine
1402 1487 1447 1530 ἃν
1474 1489 1683 1532 universe

157 1551 421 1603 usurpatur;
451 1553 502 1591 ut
533 1548 665 1592 Hom.
700 1549 753 1592 Il.
792 1549 841 1592 B.
881 1549 975 1592 198.
997 1550 1076 1591 ubi
1108 1562 1151 1592 v.
1190 1547 1285 1589 188.
1315 1548 1415 1588 ὅστις
1434 1546 1590 1588 eadem
1611 1560 1683 1589 ra-

157 1605 280 1646 tione
314 1606 482 1648 dictum
516 1609 763 1650 antecessit.
825 1606 924 1650 Hoc
951 1611 1101 1650 tamen
1132 1609 1300 1654 manet,
1332 1604 1565 1660 proprium
1586 1618 1682 1648 esse

158 1666 227 1704 τοῦ
241 1662 341 1703 ὅστις
357 1676 504 1711 usum,
534 1677 665 1717 quem
682 1666 802 1713 dixi3
832 1670 876 1707 et
895 1666 1085 1720 simplex
1115 1664 1154 1706 ὂς
1181 1664 1279 1705 sine
1311 1661 1356 1703 ἂν
1388 1662 1449 1704 ad
1480 1662 1683 1705 indefini-

154 1723 248 1761 tum
263 1721 513 1774 subJectum
532 1726 734 1776 spectans
764 1736 907 1776 neque
938 1727 1034 1764 tam
1067 1723 1351 1776 perspicuum
1385 1732 1501 1768 esse,
1530 1733 1678 1774 neque

157 1781 252 1818 tam
280 1779 509 1821 usitatum.
569 1778 698 1821 Patet
728 1781 820 1834 jam
854 1793 910 1822 ex
947 1782 1126 1821 ὁστισοῦν.
1185 1777 1260 1820 Sic
1296 1777 1416 1832 apud
1449 1775 1682 1821 Zosimum

155 1833 188 1876 i.
215 1833 282 1876 17.
297 1839 379 1876 πᾶν
403 1839 521 1878 ὁτιοῦν
536 1835 626 1878 ἴδιον
641 1836 667 1881 ἢ
683 1837 856 1885 δημόσιον
872 1840 943 1881 τῆς
957 1838 1106 1879 πόλεως
1120 1835 1362 1884 οἰκοδόμημα
1373 1833 1681 1889 διαφθείραντες,

154 1893 350 1946 primum
370 1894 478 1935 illud
497 1897 579 1934 πᾶν
613 1894 670 1935 ad
698 1901 864 1936 certum
883 1895 1173 1947 quodcunque
1202 1893 1434 1935 aedifieium
1460 1893 1680 1947 pertinet,

22 1938 33 1955 ”
94 1970 99 1975 -
154 1951 271 2003 quod
290 1952 392 2004 quis
410 1951 539 1993 facile
558 1952 677 2005 apud
696 1953 893 1994 animum
915 1954 1163 2006 proponat;
1193 1950 1241 1990 id
1259 1953 1426 2001 autem,
1461 1950 1579 2004 quod
1598 1963 1683 2005 per

156 2009 461 2063 pleonasmum
480 2009 670 2062 additur,
695 2011 814 2052 ὁτιοῦν
846 2009 905 2050 ad
938 2008 1127 2061 reliqua,
1152 2006 1371 2060 quae'quis
1391 2006 1530 2049 etiam
1547 2006 1677 2061 igno·

156 2080 254 2109 rare
273 2067 430 2121 possit.

213 2123 301 2166 Sed
320 2124 428 2178 quid
460 2124 623 2166 faciam
642 2124 767 2170 locis,
794 2123 873 2165 ubi
906 2123 1007 2163 ὅστις
1035 2122 1094 2163 ad
1123 2125 1291 2164 certam
1321 2133 1419 2164 rem
1450 2124 1679 2166 certumve

155 2183 379 2224 hominem
408 2182 631 2224 refertur?
661 2181 787 2223 Nihil
809 2181 1025 2235 equidem
1055 2180 1224 2222 laboro.
1284 2179 1403 2221 Nam
1435 2191 1493 2220 ne
1523 2180 1572 2221 in
1603 2180 1678 2222 his

155 2240 335 2294 quidem
353 2240 461 2281 locis
494 2240 717 2281 evanescit
747 2239 815 2280 vis
845 2239 1121 2293 pronominis
1152 2237 1389 2280 indefiniti.
1448 2235 1679 2280 Nimirum

151 2298 340 2352 simplex
360 2298 594 2339 relativum
614 2296 652 2338 ὃς
670 2300 913 2350 usurpatur
933 2296 987 2337 de
1007 2309 1072 2343 re,
1102 2296 1173 2337 cui
1202 2293 1462 2351 simpliciter
1482 2297 1529 2336 et
1541 2292 1677 2337 histo-

151 2354 238 2398 rioe
257 2355 428 2408 aliquid
441 2355 679 2396 tribuitur:
709 2355 784 2396 sed
803 2354 902 2396 ὅστις
920 2353 1104 2408 respicit
1137 2353 1194 2394 ad
1213 2365 1324 2401 rem,
1356 2365 1413 2394 ex
1431 2364 1523 2406 qua
1540 2352 1678 2395 liceat

155 2413 427 2460 existimare,
448 2411 692 2468 cujusmodi
711 2412 802 2454 sive
839 2410 979 2468 qualis
1012 2410 1090 2452 illa
1106 2408 1182 2459 sit,
1211 2414 1256 2452 et
1270 2423 1327 2452 eoe
1346 2423 1432 2467 qua
1448 2408 1583 2461 lector
1601 2408 1678 2452 de-

156 2468 255 2511 beat
271 2477 572 2524 argumentum
585 2476 744 2525 petere.
796 2466 882 2510 Ὂς
901 2483 1007 2523 ergo
1025 2472 1095 2510 est
1124 2468 1337 2523 simplicis
1369 2468 1641 2510 narrationis
1659 2481 1675 2510 ε

154 2527 256 2569 ὅστις
274 2527 409 2568 etiam
436 2529 696 2580 conjecturae
729 2527 906 2568 lectoris
936 2526 1105 2581 aliquid
1139 2526 1367 2581 relinquit.
1426 2524 1576 2578 Atque
1606 2526 1677 2568 ita

156 2598 244 2633 ms,
282 2585 528 2639 composito
569 2585 650 2627 hoc
679 2585 939 2640 pronomine
973 2584 1238 2638 significata,
1280 2584 1351 2626 vel
1387 2583 1570 2625 omnino
1601 2584 1675 2626 vel

153 2692 221 2724 Sed
249 2693 358 2724 levem
379 2701 522 2723 errorem
544 2689 747 2723 Schwebelii
780 2690 880 2722 casti-
944 2690 1053 2722 solute
1066 2687 1203 2730 dicitur,
1215 2697 1248 2723 et
1262 2689 1333 2722 sine
1347 2690 1419 2723 ulla
1431 2688 1560 2731 ellipsi,
1579 2687 1627 2721 ita
1640 2693 1677 2721 et

151 2746 229 2777 gare
244 2736 279 2767 h.
293 2736 319 2767 l.
334 2735 424 2767 licet.
469 2736 501 2766 Is
516 2745 575 2776 per
595 2734 736 2775 ellipsin
752 2734 804 2764 τοῦ
824 2733 879 2773 μέ-
946 2734 1040 2765 illud.
1086 2733 1187 2765 Ratio
1202 2734 1371 2765 dictorum
1384 2743 1446 2775 per
1457 2743 1494 2764 se
1515 2731 1676 2770 ostendit,

153 2785 214 2819 W
230 2778 315 2811 illud
337 2778 386 2809 sic
407 2777 561 2820 usurpari
588 2777 714 2809 statuit.
757 2777 822 2808 Sed
844 2783 879 2809 et
943 2776 1120 2818 emphasin
1148 2787 1222 2808 esse
1246 2777 1281 2809 in
1297 2777 1354 2814 τὶς,
1380 2781 1419 2808 ut
1439 2785 1508 2808 nou
1529 2774 1574 2807 sit
1594 2785 1678 2823 pro-

151 2821 220 2854 sibi
235 2822 310 2863 ipse
322 2827 495 2863 repugnat,
515 2831 593 2853 cum
614 2821 735 2852 exinde
748 2825 879 2852 contra·
944 2820 1019 2862 prie
1032 2822 1150 2858 aliquis
1164 2819 1235 2851 sive
1247 2822 1410 2862 quispiam
1419 2831 1436 2858 ,-
1456 2819 1547 2861 quod
1571 2818 1675 2859 frige-

152 2865 205 2896 ria
218 2865 344 2898 ratione
365 2865 538 2896 bominem
557 2864 649 2895 nulla
676 2863 798 2895 virtute
819 2868 879 2894 aut
943 2869 1015 2903 τοῖς
1037 2864 1171 2895 sednon
1183 2864 1467 2895 needmlnomo
1511 2861 1674 2893 Ceterum

154 2906 319 2981 &gnitate
335 2907 511 2950 praeditum
529 2907 600 2939 dici
625 2912 745 2939 statuat
759 2905 832 2937 οὐδὲ,
844 2912 878 2939 et
943 2905 1048 2938 etiam
1061 2905 1159 2947 pityus
1185 2919 1250 2937 ema
1271 2906 1339 2939 dici
1362 2906 1482 2945 solere,
1508 2903 1676 2937 maxime-

174 2950 185 2961 ’
217 2964 262 2982 ua.
303 2951 394 2983 Num
420 2956 454 2982 et
489 2952 523 2983 in
564 2950 619 2982 his
656 2950 878 2991 supplendum
942 2960 1009 2991 que
1035 2949 1122 2990 μέγα
1148 2962 1189 2987 τι,
1220 2956 1339 2984 neutro
1364 2959 1497 2996 genere,
1529 2957 1596 2983 non
1619 2950 1674 2984 est

154 2998 204 3027 est
217 2994 301 3035 μέγα
313 3000 347 3028 et
360 2994 458 3037 μέγας
472 2996 485 3027 3
529 2995 601 3028 lmo
626 2993 714 3027 sicut
739 2993 804 3026 hoc
818 2993 879 3029 ab·
943 2992 1097 3029 dubium.
1290 3027 1292 3029 .
