1838 3164
141 150 230 195 396
663 167 859 203 ELLIPSIS
882 168 1158 204 vssnssonum.

146 269 578 325 interpungendum:
610 272 799 328 μερίμνας
820 271 1000 329 Πατρὸς,
1038 273 1275 328 τριπόλιστον
1314 270 1450 314 οἶκτον.
1480 284 1663 327 quomo-

144 328 204 369 do
224 328 335 374 nihil
356 329 731 372 subaudiendum:
763 343 868 372 nam
893 348 951 386 τρ.
974 333 1008 372 ὁ.
1030 331 1305 372 accusativus
1334 335 1402 373 est
1421 330 1663 382 absolutus,

144 399 196 427 cu
197 387 389 440 jusmodi
412 421 414 423 .
433 387 679 443 saepissime
711 387 1291 444 apponuntur.--Lucianus
1331 393 1364 431 t.
1400 389 1444 430 ii.
1480 401 1524 443 p.
1557 387 1659 432 279.

146 441 306 486 Βιθυνὸς
325 443 365 486 δὲ
393 443 520 493 μῦθος
540 444 604 486 καὶ
626 446 751 493 οὗτος,
781 449 825 488 οὐ
852 447 958 488 πάνυ
977 449 1054 487 τῶν
1078 445 1357 487 Ἰταλιωτικῶν
1385 447 1599 501 α’λλότριος,
1629 446 1666 488 οἳ

146 500 210 542 τὸν
232 501 411 558 Πρίαπον
431 520 466 543 κ.
480 519 529 543 4ϊ.
552 510 594 544 λ.
644 503 924 546 Subaudiunt
954 502 1060 557 φασὶ,
1091 506 1257 552 λέγουσι,
1288 507 1366 546 aut
1384 503 1527 546 simile
1541 504 1662 563 quid.

145 556 309 601 Lenius
327 561 470 602 oratio
490 560 708 609 decurret,
731 562 768 602 si
788 561 1000 604 deleveris
1025 559 1074 612 οἳ,
1091 562 1206 614 quod
1221 564 1373 604 natum
1388 560 1593 616 suspicor
1604 575 1663 604 ex

142 617 312 670 syllaba
326 618 487 660 ultima
505 619 624 660 vocis
635 619 936 672 praecedentis.
997 617 1122 660 Adde
1137 619 1254 673 quod
1269 620 1546 662 accusativus
1563 618 1664 662 cum

145 674 381 728 infinitivo,
400 676 477 729 qui
498 676 713 730 sequitur,
734 676 797 719 τὸν
814 676 994 733 Πρίαπον
1013 694 1052 718 κ.
1075 693 1114 718 τ.
1134 684 1178 718 λ.
1211 690 1300 719 non
1320 677 1574 719 referendus
1595 681 1664 720 est

145 732 209 804 ad
225 737 299 783 τῶν
315 731 614 783 Ἰταλιωτικῶν,
643 748 734 790 quo
748 734 969 792 Interpres
987 735 1157 785 retulit,
1193 735 1268 778 sed
1286 736 1344 778 ad
1360 733 1519 778 Βιθυνὸς
1537 733 1664 785 μῦθος

144 807 210 835 και
228 790 351 833 οὗτος.
383 792 581 834 SanEF.

700 867 727 895 *
758 866 1087 911 ΛΙΣΣΟΜΑΙ.

201 939 527 996 Aristophanes
548 939 757 984 Concion.
779 955 816 983 v.
843 941 964 986 1099.
996 941 1130 992 θάψαι
1149 943 1193 991 μ’
1314 955 1324 966 ·
1348 943 1664 987 καί-καταπιτ-

145 999 360 1046 τώσαντας,
375 995 519 1040 εἶτα-
536 998 1069 1054 μολυβδοχοήσαντας-ἅνω
1084 999 1263 1042 ’πιθεῖναι
1283 1019 1321 1044 κ.
1342 1019 1380 1043 τ.
1401 1010 1444 1043 λ.
1466 1000 1663 1056 Brunekf·

145 1057 243 1105 ius;
275 1053 489 1098 “Oratio
518 1057 715 1111 elliptica
741 1061 838 1106 est;
868 1058 1160 1114 supplendum
1178 1061 1360 1108 λίσσομαι
1379 1061 1498 1109 ὑμᾶς,
1528 1058 1664 1112 θάψαι

143 1112 319 1162 pas—nai
335 1115 816 1157 καταπιττώσαντας--.”
872 1116 974 1158 Nisi
989 1117 1125 1167 dicas,
1144 1117 1261 1170 quod
1281 1118 1526 1172 simplicius
1547 1117 1664 1160 vide-

143 1175 236 1221 tur,
253 1171 520 1214 infinitivum
539 1172 733 1227 pesitum
753 1186 850 1216 esse
866 1187 947 1229 pro
969 1176 1243 1230 imperativo.
1305 1172 1435 1217 Certe
1452 1174 1662 1218 Brunckii

143 1229 260 1271 ratio
279 1242 366 1271 non
385 1230 585 1286 procedit
609 1231 655 1272 in
680 1231 750 1274 his
773 1230 941 1274 Comici
963 1231 1096 1288 Vesp.
1117 1246 1158 1274 v.
1177 1231 1278 1275 385.
1298 1234 1491 1277 ἀνελόντες
1509 1233 1573 1276 καὶ
1593 1251 1664 1276 κα-

145 1290 435 1332 τακλαύσαντες
455 1285 578 1332 θεῖναί
595 1291 639 1338 μ’
667 1288 741 1334 ῠπό
761 1293 855 1332 τοῖσι
882 1290 1121 1347 δρυφάκτοις.
1149 1290 1347 1335 SCHAEF.

864 1497 936 1541 M.

506 1640 529 1665 ³¹⁶
559 1636 976 1688 ΜΑΝΘΑΝΕΙΝ,
1010 1635 1290 1683 DISC'ERE.

197 1726 378 1770 Marcus
406 1727 658 1770 Antoninus
677 1727 769 1770 Τῶν
789 1730 839 1770 εἷς
866 1725 998 1771 ἑαυτὸν
1017 1728 1097 1770 lib.
1131 1729 1164 1771 i.
1203 1729 1240 1771 l.
1270 1729 1328 1772 ab
1357 1729 1517 1773 initio:
1548 1729 1661 1787 παρὰ

138 1789 208 1827 τοῖ’)
225 1787 393 1827 πάππου
411 1785 573 1842 Οὐήρου
604 1786 651 1826 τὸ
681 1785 874 1830 καλόηθες
893 1786 957 1828 καὶ
978 1788 1163 1843 α’όξγητον
1196 1790 1276 1831 etc.
1315 1791 1470 1845 supple
1495 1786 1662 1837 ἔμαθον,

139 1843 203 1885 vel
222 1844 376 1894 ἔλαβον,
406 1844 473 1886 vel
494 1842 615 1898 εἶχον.
646 1842 811 1887 LmsN.

508 1926 534 1954 *
565 1925 947 1977 MAPTTPEIN,
987 1927 1094 1972 TES
1104 1927 1257 1972 TARJ.

197 2007 392 2051 Verbum
414 2009 497 2051 hoc
528 2010 679 2052 deesse
697 2010 872 2052 videtur
903 2011 952 2052 in
976 2011 1065 2054 illis
1085 2010 1251 2054 Matth.
1279 2011 1399 2054 xxvi.
1430 2010 1502 2054 54.
1561 2010 1661 2054 Πῶς

138 2065 199 2108 οὗν
218 2066 474 2123 πληρωθῶσιν
494 2069 532 2108 αἱ
551 2067 710 2124 γραφαὶ,
742 2067 1038 2125 (μαρτυροῦσαι)
1070 2070 1127 2110 ὅτι
1156 2070 1255 2111 οὕτω
1286 2069 1346 2111 δεῖ
1358 2069 1562 2119 γενέσθαις
1592 2069 1661 2112 uti

140 2124 305 2178 legitur
330 2124 433 2166 Joh.
454 2139 495 2167 v.
516 2124 589 2166 39.
609 2124 731 2166 -καὶ
766 2127 903 2166 ἐκεῖναί
933 2128 1017 2167 εἶσιν
1052 2129 1092 2168 αἶ
1133 2132 1390 2183 μαρτυροῦσαι
1424 2130 1520 2184 περῖ
1550 2128 1659 2176 ἐμοῦ.

140 2181 290 2225 Possis
305 2185 453 2224 tamen
475 2184 612 2227 etiam
632 2182 868 2224 subaudire
901 2185 1095 2233 λέγουσαι,
1127 2189 1177 2226 ut
1203 2186 1354 2239 paullo
1381 2189 1486 2226 ante
1513 2187 1659 2227 osten-

139 2239 286 2282 dimus
305 2253 342 2281 v.
363 2242 499 2290 λέγειν.
559 2239 630 2283 Ita
658 2253 765 2283 sane
794 2245 863 2283 est
892 2239 1033 2283 Marc.
1065 2256 1136 2284 xv.
1167 2242 1239 2284 28.
1300 2241 1384 2283 Καὶ
1404 2240 1613 2298 ἐπληρώθη
1634 2242 1659 2285 ἡ

139 2298 272 2352 «γραφὴ
307 2300 484 2346 λέγουσα.
517 2297 736 2341 ScHwEB.
797 2298 857 2340 H.
892 2298 1145 2355 Stephanus
1182 2313 1280 2355 cap.
1315 2300 1378 2341 iii.
1410 2298 1658 2343 Dicaearchi

141 2353 439 2410 Geographic.
474 2369 520 2411 p.
561 2356 670 2412 (13.)
700 2355 752 2398 C.
787 2355 981 2399 Gronov.
1015 2363 1046 2383 ‘⁶
1067 2356 1216 2400 ——Illis
1247 2370 1379 2413 porro
1406 2358 1553 2400 verbis
1573 2358 1660 2399 ele-

140 2414 428 2466 gantissimos
474 2417 520 2455 et
557 2415 850 2469 lepidissimos
893 2413 1074 2470 Lysippi
1114 2429 1265 2458 versus
1299 2415 1531 2469 subjungit
1558 2413 1659 2472 [Di-

139 2470 410 2526 caearchusz]
442 2484 530 2513 non
557 2472 647 2514 alia
684 2472 948 2527 praefatione
982 2477 1127 2522 utens,
1166 2486 1302 2527 quarn
1331 2473 1430 2523 hac,
1460 2475 1494 2514 οἱ
1527 2475 1659 2527 στίχοι

138 2527 361 2570 Λυσίππου.
421 2528 497 2571 Sic
515 2534 664 2572 autem
691 2531 802 2572 solet
822 2532 893 2572 hic
916 2531 1101 2586 scriptor
1128 2535 1266 2574 testes
1285 2532 1476 2574 comicos
1505 2530 1658 2578 citare,

137 2585 326 2628 dicendo
337 2589 642 2630 tantummodo
657 2589 688 2629 οἱ
705 2589 851 2642 στίχοι,
868 2589 936 2630 vel
957 2591 975 2629 ὁ
996 2590 1156 2643 στίχοςε
1182 2591 1448 2642 minimeque
1461 2588 1658 2630 addendo

139 2644 230 2742 glic
268 2650 515 2703 μαρτυροῦσι,
553 2646 625 2688 hic
644 2649 844 2703 μαρτυρεῖ,
891 2647 960 2690 vel
995 2647 1117 2689 aliud
1150 2648 1396 2703 huJusmodi
1431 2643 1659 2689 verbum.''

174 2715 341 2745 cuAEF.

131 2793 197 2858 33„
507 2779 534 2806 *
558 2777 914 2828 ·ΜΑΧΕΣΘΑΙ,
944 2777 1257 2823 PUG'NARE.

129 2875 156 2902 t.
172 2850 361 2941 ifgeficit
380 2851 463 2894 hoc
477 2853 660 2894 verbum
680 2853 726 2894 in
747 2853 837 2894 illis
858 2851 1103 2896 HerodIani
1137 2855 1214 2895 lib.
1234 2854 1294 2894 iv.
1322 2866 1361 2894 c.
1378 2851 1531 2894 xxviii.
1547 2851 1586 2907 ξ.
1611 2849 1652 2891 6.

133 2912 216 2952 ew&
246 2909 258 2941 ἶ
288 2911 582 2966 καταφράκτους
613 2910 690 2952 ἀπὸ
716 2911 904 2960 καμήλων
925 2910 1063 2961 ἔξωθεν
1082 2914 1242 2967 μακροῖς
1261 2910 1418 2966 δόρασιν.
1447 2910 1546 2951 sub.
1577 2926 1657 2955 μα-

132 2963 338 3032 ἶὲιῗῖἔίὶηῗπ·
397 2967 471 3013 Sic
500 2972 546 3011 et
574 2970 691 3026 apua
722 2968 965 3015 Homerum
996 2969 1124 3015 mad.
1157 2969 1213 3019 o.
1252 2982 1292 3014 v.
1327 2967 1427 3011 289..
1465 2965 1658 3009 ‘Emma-
