1838 3164
218 99 272 144 18
828 109 1132 152 ISAGOGE.

215 230 256 259 c.
294 217 339 259 3.
380 218 480 264 init.
524 221 751 266 Domuisti
786 230 933 279 gentes
965 221 1241 266 immanitate
1279 221 1480 266 barbaras
1510 226 1596 267 ete.
1651 222 1743 267 Sed

216 279 344 343 etstn
379 278 613 324 levioribus
651 283 784 324 rebus
822 283 1015 336 gravitas
1049 282 1252 335 quaedam
1285 282 1430 323 locum
1463 281 1622 324 habet:
1653 294 1744 325 non

217 345 338 376 enim
368 337 463 391 ejus
491 346 560 381 est
590 344 713 383 certa
755 353 977 388 mensura,
1008 341 1086 382 sed
1112 340 1236 382 notio
1276 343 1360 388 est,
1394 342 1446 381 ut
1477 340 1648 388 dicunt,
1677 353 1745 382 re-

215 391 370 435 lativa.
432 395 729 445 Quamobrem
758 398 806 438 in
835 398 1067 451 permultis
1095 398 1240 441 verbis
1271 401 1315 439 et
1343 397 1506 451 exigui
1523 411 1576 440 ac
1605 410 1745 453 prope

218 450 384 549 gullius
403 457 615 498 momenti
636 455 879 511 particulis,
900 458 952 497 ut
978 456 1027 499 in
1045 455 1126 505 καὶ,
1147 455 1413 510 gravitatem
1432 456 1632 510 aliquam
1652 456 1746 498 lau-

250 521 389 554 amuS.

275 566 315 622 §-
340 567 407 611 18.
437 569 656 619 Quintum
686 571 857 612 fontem
894 572 1247 626 pleonasmorum
1278 571 1468 614 facimus
1504 568 1743 613 brevitatis.

216 621 491 679 Repugnans
509 633 554 670 ct
572 630 810 670 ridiculum
829 629 1026 684 cuipiam
1046 630 1259 681 videatur,
1287 643 1311 671 e
1331 629 1550 671 brevitate
1570 629 1746 671 fluxisse

219 682 554 734 abundantiam,
585 692 630 729 et
650 687 713 735 id,
745 687 862 740 quod
898 687 1042 728 verbis
1077 687 1248 729 detrahi
1279 688 1436 742 possit,
1468 700 1493 728 e
1514 686 1748 729 verborum

212 743 446 794 ,paucitate
467 747 611 786 ortum
649 759 761 786 esse.
824 743 910 786 Sed
943 757 1020 786 nos
1056 746 1279 800 loquimur
1298 746 1352 786 de
1372 745 1629 799 pleonasmo
1659 756 1750 786 non

218 810 321 841 vero
343 799 439 855 (qui
460 802 607 843 nullus
640 804 742 860 est),
774 803 852 844 sed
880 815 907 844 a
927 803 1233 856 grammaticis
1264 803 1504 858 appellato.
1563 801 1652 844 Res
1670 815 1747 844 au-

218 858 310 898 tem
344 861 407 900 sic
440 873 485 901 se
515 860 664 902 habet.
729 860 968 914 Postquam
997 874 1104 903 usus
1136 862 1336 913 linguam
1368 859 1478 902 satis
1508 861 1750 915 locupleta-

218 919 344 957 verat
362 917 566 970 ratioque
586 919 849 973 perfecerat,
886 919 1087 960 homines
1116 920 1308 973 primum
1330 919 1424 960 sine
1444 918 1579 959 dubio
1597 919 1752 973 plenas

218 974 364 1014 verbis
383 988 461 1028 per
493 989 539 1017 se
568 977 830 1018 necessariis
852 976 1095 1018 efferebant
1115 978 1377 1018 sententias.
1438 974 1587 1029 Hujus
1612 988 1749 1029 gene-

218 1031 281 1072 ris
302 1033 485 1074 verbum
507 1035 698 1090 exempli
719 1048 851 1076 causa
885 1035 1013 1077 nobis
1043 1036 1104 1077 sit
1137 1034 1396 1090 praepositio
1421 1034 1456 1075 ἐν
1476 1047 1576 1075 cum
1597 1033 1746 1076 dativo

219 1090 413 1132 nominis
440 1092 613 1144 juncta,
645 1094 762 1146 quod
793 1094 1155 1141 instrumentum,
1189 1093 1433 1134 subsidium
1464 1095 1545 1133 aut
1570 1091 1749 1133 modum

218 1148 283 1188 rei
314 1147 552 1190 efficiendae
587 1151 820 1203 significet.
882 1150 988 1193 Haec
1031 1165 1166 1206 praep.
1207 1150 1454 1204 antiquitus
1495 1149 1749 1191 occurrebat

217 1205 520 1259 ambiguitati,
552 1210 863 1262 monebatque,
894 1222 949 1250 ne
970 1210 1069 1262 quis
1088 1209 1289 1250 dativum
1316 1208 1495 1263 proprie
1515 1208 1749 1261 acciperet,

218 1264 347 1314 quasi
370 1264 538 1307 homini
558 1271 636 1308 aut
656 1268 720 1309 rei
753 1267 922 1320 aliquid
955 1267 1109 1308 datum
1129 1267 1452 1308 destinatumve
1479 1265 1748 1319 significare-

219 1323 307 1361 tur.
368 1320 452 1364 Sed
481 1324 685 1379 deinceps
720 1338 820 1366 cum
851 1324 1269 1372 animadverterent,
1300 1337 1324 1365 e
1343 1324 1501 1367 ceteris
1519 1323 1751 1364 sententiae

220 1378 381 1424 verbis,
405 1385 482 1422 aut
501 1382 658 1423 vicinis
677 1383 822 1430 dictis,
846 1383 955 1423 illud
974 1382 1106 1423 facile
1124 1382 1333 1434 intelligi,
1365 1393 1507 1435 neque
1523 1393 1634 1435 opus
1654 1393 1751 1421 esse

219 1438 543 1491 praepositione,
573 1442 776 1481 omnibus
809 1440 905 1481 fere
924 1441 1093 1494 placuit
1113 1441 1231 1481 solus
1252 1439 1479 1491 nudusque
1498 1438 1675 1480 dativus
1693 1437 1752 1479 ad

220 1494 331 1535 illud
353 1496 687 1548 significandum
707 1512 718 1546 ;
750 1502 794 1539 et
810 1511 863 1539 ea
879 1499 1088 1546 brevitas,
1109 1511 1208 1550 quae
1223 1498 1472 1552 praesertim
1492 1496 1628 1537 alacri
1645 1507 1750 1549 gen-

220 1552 281 1594 tis
306 1551 472 1596 Graecae
492 1555 672 1609 ingenio
694 1558 799 1610 apta
815 1561 942 1607 esset,
972 1569 1154 1610 prorsus
1182 1556 1292 1608 legis
1321 1557 1412 1595 vim
1431 1554 1639 1596 obtinuit.
1701 1552 1751 1595 Si

221 1611 321 1662 quis
343 1624 449 1664 ergo
468 1618 623 1667 postea
645 1614 756 1655 hanc
777 1614 978 1655 voculam
994 1613 1162 1654 nomini
1179 1613 1476 1666 praeponebat,
1493 1611 1754 1653 insolentius

219 1667 344 1721 loqui
381 1674 427 1711 et
461 1671 732 1725 pleonasmis
762 1673 828 1712 uti
857 1671 1104 1713 videbatur.
1164 1669 1363 1711 Pertinet
1397 1670 1479 1712 hoc
1511 1669 1568 1711 ad
1601 1669 1753 1710 omnia

219 1725 313 1768 fere
333 1728 539 1783 ellipseos
558 1729 744 1783 expletae
765 1742 939 1782 genera.
989 1727 1208 1771 Formulae
1228 1728 1364 1770 etiam
1385 1726 1584 1782 quaedam
1604 1738 1751 1768 occur-

219 1788 327 1828 runt
346 1789 463 1828 natae
482 1800 507 1828 e
527 1789 761 1829 sententiis
781 1788 888 1833 olim
922 1787 1066 1842 plenis
1087 1791 1134 1828 et
1154 1787 1389 1835 absolutis,
1423 1785 1498 1827 sed
1518 1785 1584 1826 ita
1602 1784 1752 1826 decur-

219 1846 327 1885 tatae
364 1848 410 1885 et
448 1846 733 1893 circumcisae,
768 1850 819 1887 ut
858 1846 962 1887 inde
996 1858 1084 1886 non
1123 1845 1269 1898 quivis
1309 1844 1557 1896 intelligere
1589 1843 1751 1896 possit,

212 1901 378 1954 -quales
413 1903 519 1944 olim
544 1904 633 1944 illae
664 1905 898 1945 sententiae
930 1903 1114 1944 fuerint.
1175 1901 1279 1944 Jam
1309 1903 1417 1955 quia
1437 1915 1491 1943 ex
1518 1900 1586 1941 his
1620 1911 1753 1954 porro

219 1960 420 2012 quaedam
441 1961 575 2014 abjici
595 1965 798 2015 possunt,
820 1966 863 2003 et
882 1961 945 2002 ita
963 1962 1159 2014 quidem,
1185 1965 1238 2002 ut
1257 1960 1456 2012 reliquiae
1474 1957 1632 1999 deinde
1650 1970 1750 1998 eum

211 2018 382 2059 ‘vicinis
399 2019 548 2060 verbis
568 2019 615 2060 in
636 2033 775 2061 unum
796 2032 970 2061 sensum
989 2018 1215 2061 commode
1234 2020 1405 2066 coeant,
1437 2017 1516 2058 illa
1546 2028 1601 2057 ex
1635 2015 1751 2057 anti-

221 2088 311 2128 quo
332 2080 530 2131 tempore
550 2077 722 2125 relicta,
754 2078 915 2130 quibus
937 2090 1084 2118 carere
1105 2088 1350 2131 possemus,
1385 2073 1662 2128 grammatici
1684 2072 1750 2114 di-

219 2138 328 2186 eunt
347 2135 582 2189 πλεονάζειν.
647 2133 745 2177 Hac
765 2136 955 2182 ratione,
985 2147 1118 2177 causa
1153 2137 1307 2175 nostra
1336 2134 1447 2179 satis
1465 2132 1648 2173 defensa
1666 2134 1750 2179 est,

220 2193 259 2233 si
281 2193 381 2245 quis
402 2193 518 2234 forte
538 2193 621 2233 hoc
641 2196 833 2240 accuset,
862 2193 983 2245 quod
1014 2193 1130 2233 idem
1158 2192 1203 2232 h.
1226 2192 1257 2231 1.
1294 2202 1542 2245 peccemus,
1579 2189 1627 2230 in
1658 2200 1750 2241 quo

219 2262 426 2304 peccasse
446 2249 731 2291 Lambertum
754 2249 842 2291 Bos
863 2250 901 2305 ξ.
920 2249 964 2291 4.
985 2249 1322 2291 ostenderimus.
1373 2246 1585 2301 Exempla
1599 2249 1750 2287 autem

212 2311 345 2350 ,certa
365 2308 579 2349 habemus
596 2309 643 2349 in
666 2307 758 2349 ἑκὼν
790 2305 879 2349 εἶναι
900 2311 945 2348 et
979 2306 1024 2347 τὸ
1057 2310 1116 2348 νῦν
1151 2303 1259 2354 εἶναι,
1291 2305 1352 2358 (v.
1376 2303 1466 2346 εἶναι
1486 2303 1533 2345 S.
1561 2303 1597 2345 l.
1617 2306 1664 2344 et
1684 2302 1749 2358 2.)

220 2370 265 2407 et
303 2366 554 2419 probabilia
589 2366 636 2406 in
672 2363 759 2406 εἶτα
799 2369 843 2406 et
877 2365 1027 2413 ἔπειτα,
1060 2366 1256 2418 itemque
1286 2363 1334 2404 in
1369 2363 1468 2405 ’ἐστιν
1503 2362 1616 2403 ὅπως.
1647 2359 1750 2403 Vid.

218 2423 375 2476 Ellips.
396 2425 511 2477 plur.
532 2424 648 2464 verb.
671 2422 717 2464 S.
740 2423 783 2465 3.

216 2506 221 2510 -
277 2480 382 2522 Non
402 2480 676 2522 incommode
698 2481 770 2522 hic
788 2481 950 2523 addere
970 2482 1186 2529 videmur,
1219 2481 1264 2521 in
1281 2480 1466 2532 singulis
1484 2475 1749 2533 quibusdam

217 2539 379 2589 verbis,
412 2541 463 2580 ut
497 2540 545 2580 in
577 2537 687 2593 ἀνὴρ,
721 2537 830 2591 (vid.
853 2540 898 2580 h.
922 2553 960 2581 v.
981 2540 1113 2594 extr.)
1139 2538 1358 2580 utrumvis
1379 2538 1486 2591 poni
1508 2548 1653 2591 posse,
1679 2534 1748 2576 vel

216 2598 395 2651 ellipsin
429 2597 498 2637 vel
534 2596 853 2650 pleonasmum.
925 2596 974 2638 Si
1007 2598 1093 2639 levi
1125 2595 1441 2651 appellationis
1479 2605 1626 2636 errore
1657 2604 1747 2633 non

216 2667 352 2697 causa
371 2655 501 2696 datur
523 2654 648 2695 falsis
669 2654 1126 2709 interpretationibus,
1159 2654 1287 2695 nobis
1314 2652 1497 2708 perinde
1517 2652 1618 2697 erit,
1651 2650 1746 2692 sive

215 2713 460 2768 pleonasmi
492 2712 674 2766 quidam
703 2713 831 2753 nobis
851 2714 1076 2764 accedant,
1109 2712 1202 2754 sive
1220 2711 1521 2753 detrahantur.
1582 2705 1748 2748 Hacte-

217 2772 383 2814 nus.in
417 2771 581 2816 verbis,
625 2770 743 2821 quod
779 2770 947 2822 dicunt,
978 2784 1128 2812 sumus
1162 2770 1334 2818 faciles,
1372 2780 1452 2809 nee
1484 2766 1538 2807 de
1577 2765 1745 2808 talibus

215 2829 382 2876 acrius,
403 2841 538 2883 quam
558 2839 628 2869 res
645 2827 751 2874 fert,
774 2829 1083 2882 pugnabimus.

270 2887 307 2943 ξ.
347 2884 414 2929 19.
445 2886 606 2928 Sextus
641 2885 768 2926 nobis
810 2886 911 2927 fons
953 2887 1012 2928 sit
1049 2882 1291 2941 elegantiae.
1366 2881 1537 2936 Largus
1564 2885 1634 2924 est
1669 2881 1742 2925 hie

213 2944 332 2996 som,
363 2945 429 2990 ita
447 2947 499 2988 ut
517 2955 574 2988 ex
591 2956 645 2988 eo
664 2943 793 3000 plura
822 2944 1023 2990 derivare
1050 2943 1285 3003 possimus.
1347 2939 1742 2987 Commemoranda
