1838 3164
739 159 1051 189 ΝΔυ-ΝΑΤΤΗΣ,
1559 134 1640 182 197

130 272 209 314 pro
226 273 316 313 quo
351 257 697 303 habet'AElianus
717 257 823 300 Var.
846 256 1027 299 Hist..i.
1067 254 1131 297 16.
1162 256 1189 299 ἦ
1220 259 1310 298 ναῦς
1336 256 1363 299 ἡ
1384 256 1427 296 ἐκ
1457 256 1633 299 Δήλουε

130 321 176 358 et
203 319 379 374 πάραλος
397 318 514 373 apud
534 316 818 370 Aristophan.
854 316 900 356 in
920 315 1048 357 Avib.
1070 327 1112 355 v.
1139 311 1262 355 1204.
1321 311 1432 361 Quae
1466 313 1635 355 fuerint

130 374 199 416 hae
215 388 363 424 naveS,
382 376 603 430 explicant
622 372 717 415 Gr.
734 373 883 414 Schol.
907 373 963 413 ad
994 373 1038 414 h.
1059 371 1109 412 1..
1152 369 1207 413 In
1236 370 1514 421 ὃπλιτανγωνγοῖ,
1544 383 1637 423 qua.

129 444 236 474 voce
263 434 495 485 aliquoties
522 433 690 472 ἐλλιπῶς
721 432 860 473 utitur
893 428 1184 482 Thucydides,
1217 430 1347 483 plene
1375 432 1524 469 autem
1553 427 1635 469 lib.

131 490 226 531 viii.
247 505 286 532 c.
314 489 387 532 30.
417 492 453 531 ἐν
477 488 599 530 ναυσὶν
626 489 922 537 ὃπλιταγωγοῖς.
981 487 1286 541 Πεντηκὸντορος
1318 486 1481 539 legitur
1514 484 1637 538 apud

130 545 413 589 AElian.Va1-.
444 545 564 587 Hist.
594 546 688 586 viii.
710 545 753 587 2.
812 544 863 586 In
881 546 961 587 illa
994 544 1171 586 nautica
1205 544 1428 585 locutione
1455 545 1637 598 πρύμναν

130 603 841 714 thsszssif'ffffssgfiffssx
862 602 1181 702 8ςῆἕὲῦὶὲῖ
1212 599 1458 700 Οέιὲῖῖ“ἒ.ἳ
1471 613 1540 699 521
1571 612 1635 698 'x

128 716 308 759 ver-91.
369 718 627 773 [Sophocles
662 717 849 760 Philoct.
873 732 914 760 v.
934 716 1036 760 305.
1096 718 1194 769 τάχ’
1215 714 1276 757 οὖν
1304 732 1361 756 τις
1386 714 1486 757 ἄκων
1518 716 1632 769 ἐ’σχε.

77 786 83 791 ‘
129 771 379 817 Herodotus
396 777 490 818 viii.
518 791 558 818 c.
589 774 661 816 40.
693 779 801 829 σχεῖν
826 775 929 831 Δπρὸς
962 774 1187 822 Σαλαμῖνα.
1259 772 1390 814 Plene
1417 786 1458 814 v.
1488 786 1527 814 c.
1560 773 1634 814 33.

127 830 234 885 ’ἔσχεΔ
255 833 328 874 τὰς
346 835 428 874 νέας
447 835 485 874 ἐς
516 832 726 874 Καύκασα.
763 861 767 864 -
786 831 886 873 Alia
907 832 1005 873 Vide
1025 845 1070 886 p.
1091 832 1275 887 praeced.
1306 835 1398 872 not.
1419 845 1458 872 c.
1518 829 1634 871 Add.

122 887 281 931 Thom.
302 889 425 944 Mag.
444 904 491 946 p.
513 890 615 934 748.
675 889 820 932 Kiihn.
842 891 897 931 ad
919 888 1109 931 Pausan.
1130 902 1176 944 p.
1208 887 1280 930 35.
1313 887 1384 930 54.
1406 886 1507 930 274.
1537 887 1635 941 (ubi

127 945 394 990 Pausanias:
427 950 521 1002 ’έσχε
535 952 622 990 ταῖς
639 949 779 989 ναυσῖν.
810 947 927 989 unde
946 948 1106 995 discas,
1136 946 1395 988 Schwebelii
1418 946 1635 987 rationem

125 1005 291 1059 passim
309 1005 499 1062 fallere.)
545 1005 736 1061 Dispari
766 1018 895 1047 sensu
924 1003 1176 1047 Herodotus
1206 1004 1303 1046 viii.
1322 1017 1362 1046 c.
1397 1001 1468 1044 68.
1488 1002 1531 1044 2.
1563 1002 1638 1044 ταὶς

127 1057 220 1105 νῗιας
234 1067 352 1104 αὐτοῦ
370 1063 474 1119 ’ἔχῃς
503 1064 600 1119 πρὸς
618 1069 685 1119 «γῇ.
715 1062 932 1116 quomodo
960 1061 1195 1117 Euripides
1224 1059 1335 1103 Hee.
1369 1073 1410 1103 V.
1443 1059 1516 1102 35.
1548 1065 1638 1102 ναῦς

127 1119 403 1171 ’ἔχοντες-ἐπ’
437 1123 575 1162 α’κταῖς
606 1120 720 1164 τῆσδε-
751 1119 931 1177 Θρῃκίας
960 1118 1117 1173 χθονός.
1148 1119 1386 1173 quodcum
1414 1119 1637 1173 prioribus

128 1176 217 1217 illis
236 1175 521 1230 Musgravius
556 1179 601 1219 in
622 1178 846 1232 Supplem.
879 1176 1036 1219 Notar.
1056 1177 1214 1218 minus
1244 1180 1358 1218 recte
1390 1179 1634 1231 comparat.

127 1232 347 1289 SGRAEF]
405 1233 455 1275 In
485 1235 670 1277 ἅνωθέειν.
708 1234 837 1277 Hom.
874 1233 958 1275 Od.
999 1233 1055 1275 Ο.
1079 1248 1120 1275 v.
1152 1232 1252 1275 552.
1313 1232 1364 1274 In
1395 1235 1564 1289 α’-παίρειν
1593 1235 1639 1274 et

126 1292 329 1346 καταίρειν.
407 1291 606 1346 Euripid.
669 1291 828 1333 Bacch.
857 1305 898 1333 v.
936 1289 1057 1333 1293.
1090 1292 1190 1334 coil.
1229 1290 1376 1332 Schol.
1408 1290 1489 1331 Gr.
1529 1290 1638 1332 edit.

127 1345 306 1390 Bames.
365 1346 416 1390 In
443 1351 639 1402 κατέχειν.
710 1349 894 1402 Polyaen.
926 1349 1004 1390 lib.
1037 1349 1112 1390 vii.
1148 1362 1188 1389 c.
1222 1347 1294 1389 47.
1354 1346 1404 1388 In
1434 1349 1640 1401 μεταίρειν.

127 1403 290 1447 Matth.
314 1407 416 1448 xiii.
436 1406 507 1448 53.
539 1410 582 1448 et
600 1409 664 1448 sic
684 1408 730 1449 in
750 1407 875 1462 αἴρειν.
938 1405 1072 1447 Plene
1091 1405 1283 1457 Thucyd.
1309 1403 1335 1445 i.
1359 1403 1431 1446 52.
1463 1402 1551 1445 Τὰς
1568 1405 1640 1452 μὲν

126 1467 215 1510 ναῦς
233 1466 390 1519 ᾄξαντες
406 1464 484 1505 ἀπὸ
502 1467 573 1508 τῆς
591 1468 678 1513 γῆς.
738 1464 791 1505 In
812 1463 987 1519 ὃρμίξειν.
1048 1461 1183 1504 Plene
1214 1462 1391 1516 Dionys.
1419 1460 1524 1503 Hal.
1557 1462 1639 1503 lib.

124 1521 200 1561 vii.
219 1533 266 1574 p.
282 1520 386 1563 421.
440 1518 641 1576 Ὀξμίσας
660 1523 732 1563 τας
752 1526 853 1563 ναῦς.
886 1520 934 1562 ln
952 1520 1189 1568 διαβάλλειν.
1250 1519 1464 1562 Herodot.
1496 1519 1573 1560 lib.
1597 1532 1640 1560 v.

125 1591 164 1622 C.
185 1577 258 1620 33.
319 1577 452 1620 Plene
473 1578 588 1620 idem
612 1579 746 1621 habet
766 1580 843 1620 lib.
866 1592 908 1620 v.
930 1591 967 1619 c.
992 1577 1067 1619 34.
1121 1576 1240 1619 ‘Emi
1259 1595 1302 1618 τε
1320 1577 1492 1626 διέβαλον
1511 1578 1553 1617 ἐκ
1571 1579 1642 1620 τῆς

127 1633 230 1675 Χίου
244 1635 316 1677 τὰς
329 1639 411 1677 νέας
433 1638 470 1677 ἐς
499 1637 568 1679 τὴν
596 1635 746 1687 Νάξον.
806 1635 914 1678 Haec
932 1636 1115 1690 Ellipsis
1133 1636 1269 1677 etiam
1303 1635 1421 1690 apud
1454 1632 1640 1675 Latinos

125 1697 194 1734 est
212 1690 395 1735 imitata.
473 1693 546 1735 Sic
577 1693 755 1736 Hirtius
784 1691 838 1734 de
868 1692 979 1734 Bell.
1003 1693 1130 1734 Alex.
1152 1707 1191 1734 c.
1212 1694 1304 1733 xvi.
1366 1691 1547 1748 Capitur
1563 1690 1642 1733 hoc

118 1749 273 1805 proelz'o
295 1750 605 1808 quinqueremis
638 1765 728 1793 una
756 1757 797 1793 et
820 1750 1002 1792 biremis.
1065 1748 1240 1791 Cornel.
1274 1749 1390 1805 Nep.
1424 1750 1502 1790 vii.
1538 1762 1576 1790 c.
1597 1748 1640 1789 4.

125 1806 246 1849 Etin
275 1807 702 1850 trierem—ascendit.
763 1808 919 1849 Cicero
949 1809 1006 1848 ad
1038 1807 1125 1847 div.
1148 1807 1232 1850 lib..
1246 1808 1327 1848 xii.
1356 1805 1420 1848 14.
1483 1804 1643 1848 Onera-

124 1863 202 1906 rioe
231 1878 371 1908 omnes
401 1866 460 1907 ad
487 1879 619 1907 unam
653 1881 682 1908 a
718 1864 841 1908 nobis
870 1871 1050 1920 eoeceptae
1077 1870 1191 1905 sunt.
1264 1862 1315 1905 In
1349 1862 1639 1907 cmwcendere.
1658 1903 1671 1907 -

125 1921 245 1963 Idem
265 1924 322 1964 ad
340 1924 429 1964 div.
451 1924 529 1965 lib.
561 1923 640 1965 xii.
662 1923 735 1965 25.
797 1921 1037 1964 Conscende
1053 1919 1289 1970 nobiscum,
1318 1927 1359 1962 et
1388 1920 1563 1977 quidem
1581 1921 1642 1963 ad

118 1979 330 2036 puppim.
377 1978 428 2021 In
445 1979 575 2021 exire.
634 1979 752 2022 Idem
771 1981 848 2021 lib.
871 1981 931 2020 ix.
967 1978 1009 2020 6.
1071 1977 1200 2021 Ostiae
1219 1977 1360 2020 videri
1383 1977 1645 2021 commodius

64 2056 70 2063 ·
126 2050 224 2078 eum
242 2036 360 2079 exire
367 2050 503 2094 posse.
534 2036 585 2079 In
604 2039 765 2091 quibus
785 2043 830 2079 et
851 2038 1002 2078 multis
1022 2037 1123 2078 aliis
1144 2036 1406 2078 subauditur
1417 2050 1460 2078 v.
1486 2033 1640 2078 Navis.

123 2093 338 2136 Scnwnn.

183 2153 210 2178 *
238 2150 426 2195 Fischer.
459 2152 516 2193 ad
536 2151 715 2194 VVeller.
746 2152 815 2194 iii.
842 2151 878 2193 l.
899 2165 945 2207 p.
978 2149 1080 2192 259.
1142 2156 1174 2176 “
1196 2150 1392 2206 Thucyd.
1425 2151 1483 2192 iv.
1517 2149 1561 2192 9.
1593 2152 1638 2192 ἐκ

125 2212 334 2265 λῃστρικῆς
349 2202 576 2253 Μεσσηνίων
596 2211 869 2266 τριακοντόρου.
930 2207 1081 2263 Polyb.
1102 2210 1193 2251 xvi.
1236 2209 1272 2250 1.
1296 2210 1543 2264 τριπμιολίαι,
1574 2207 1640 2249 καὶ

126 2266 284 2322 τριήρεις
298 2271 411 2323 τρεῖς
434 2268 491 2309 ib.
526 2281 565 2308 c.
586 2267 630 2309 2.
661 2267 861 2315 συμπεσὼν
880 2265 1561 2322 ὄκττὶρει-δεκῆρῆς-τξιῃμιολίας·
1578 2267 1640 2307 ib.

126 2338 165 2365 c.
183 2322 223 2365 6.
237 2323 411 2380 Sex-hem,
431 2324 596 2380 ἐννῆρῃς,
614 2324 800 2379 ἓπτήρπς,
822 2323 1468 2380 ἑξῆρης-τετρῆρεις-τσεντ-ἡρῃς.
1494 2322 1536 2364 T
1538 2324 1641 2365 heo-

126 2381 292 2434 phra-st.
312 2383 503 2423 charact.
527 2381 598 2423 25.
630 2383 826 2430 ἡμιολίας.
847 2382 923 2422 sed
944 2386 1032 2422 ναῦς
1061 2381 1260 2423 additum
1294 2385 1363 2423 est
1396 2394 1426 2422 a
1454 2379 1638 2423 Diodor.

129 2438 216 2480 Sic.
236 2439 330 2480 xix.
353 2438 423 2480 65.
484 2438 557 2481 Sic
577 2438 693 2481 Plut.
715 2437 770 2480 V.
793 2440 935 2480 Alcib.
956 2437 1027 2479 21.
1048 2451 1095 2492 p.
1127 2437 1199 2480 29.
1227 2444 1262 2480 t.
1299 2440 1347 2480 ii.
1381 2440 1642 2494 simpliciter

129 2496 260 2544 dixit,
280 2496 351 2539 ‘rin
383 2496 639 2544 Σαλαμινίαν,
659 2501 704 2537 et
723 2497 784 2537 ib.
805 2510 842 2538 c.
865 2496 933 2537 28.
954 2509 999 2550 p.
1019 2495 1092 2537 40.
1115 2500 1188 2540 τῆς
1205 2496 1449 2552 ναυαρχίδος,
1467 2500 1518 2538 ut
1550 2495 1641 2538 He-

128 2554 267 2595 rodot.
287 2553 382 2595 viii.
401 2553 474 2594 92.
497 2550 542 2594 τὸ
571 2554 733 2602 σημήϊον
760 2554 845 2595 ἰδὼν
871 2557 943 2597 τῆς
963 2553 1231 2609 στρατηγίδος,
1251 2558 1297 2595 et
1317 2555 1380 2595 ib.
1402 2552 1473 2594 94.
1495 2553 1642 2596 ἰδόντας

127 2610 168 2652 δὲ
188 2609 275 2652 τοὺς
296 2609 516 2666 Κορινθίους
532 2611 603 2653 τῆν
618 2611 858 2666 στρατηγίδα
872 2612 1094 2664 φεύγουσαν.
1119 2610 1350 2654 Demosth.
1369 2625 1415 2665 p.
1427 2610 1527 2653 929.
1544 2615 1578 2653 t.
1592 2613 1642 2653 ii.

130 2669 166 2709 ἐν
196 2673 249 2720 τῇ
265 2668 477 2725 εἶκοσὸρῳ.”
506 2666 726 2710 Diodorus
747 2668 835 2711 Sic.
854 2668 941 2710 xvi.
953 2680 991 2708 c.
1013 2667 1054 2709 5.
1071 2672 1248 2726 λῃστρίσι
1266 2670 1439 2710 τσολλαῖς
1452 2671 1647 2710 πλέοντες.

129 2739 168 2768 c.
191 2725 262 2766 82.
295 2725 438 2766 δώδεκα
452 2726 627 2781 λῃστρίσι
648 2725 736 2767 τοὺς
755 2728 947 2767 πλέοντας
965 2727 1203 2782 λἠἵζόμιενον.
1253 2725 1358 2769 Vid.
1379 2725 1647 2782 Interpretes

130 2781 356 2825 adThom.
379 2782 502 2838 Mag.
527 2796 572 2839 p.
593 2782 692 2825 576.
715 2797 781 2839 sq.
804 2783 1013 2826 Senam.

598 2857 621 2882 ⁴¹⁵
650 2857 921 2907 ΝΑΎΤΗΣ,
952 2857 1086 2902 NAU
1088 2859 1177 2904 TA.

190 2929 242 2974 In
262 2927 476 2983 θαλάμιος,
509 2932 541 2975 i.
555 2943 600 2983 Qe.
622 2944 772 2976 remex
802 2931 943 2975 infimi
972 2933 1157 2984 ordinis,
1193 2935 1212 2975 ὃ
1248 2934 1466 2976 κατωτάτω
1499 2935 1651 2990 ἐρέσσων
