1838 3164
202 178 281 222 150
567 184 641 223 DE
673 179 879 226 ELLIPSI
907 182 977 222 ET
1006 176 1343 221 PLEONASMO

199 297 330 343 ἀλγεῖν
351 296 433 352 χρὴ
471 298 600 350 τύχης
632 298 903 346 παλιγκότους
935 307 1065 347 quem
1109 295 1251 335 locum
1285 296 1518 350 propterea
1555 291 1702 343 attuli,

198 353 314 406 quod
335 352 558 396 Lamberti
583 353 704 396 Bosii
740 367 860 397 error
881 355 926 394 in
948 353 1185 394 novissima
1207 352 1401 392 edItione
1422 361 1510 391 non
1540 354 1609 392 est
1628 358 1705 391 no·-

199 414 334 452 tatus.
394 411 509 453 Nam
531 414 678 466 priore
701 417 869 454 tantum
899 422 1026 452 versu
1048 410 1182 451 allato
1214 422 1255 463 p.
1278 407 1375 449 413.
1415 407 1593 461 ellipsin
1627 407 1705 448 fln-

197 469 283 520 git,
305 481 403 522 quae
424 470 574 511 addito
606 471 746 512 altero
766 481 894 510 versu
925 468 1046 509 nulla
1066 471 1147 509 est.
1205 465 1291 508 Par
1325 473 1446 506 error
1480 469 1548 508 est
1580 463 1706 506 Fe'rd.

199 525 390 568 Stoschii
429 540 471 581 p.
510 526 573 568 16.
607 529 650 568 in
692 538 731 568 v.
771 525 921 567 ἄκοιτις.
1013 524 1138 566 Alter
1169 525 1318 565 modus
1357 522 1708 578 multiplex-est,

197 596 332 636 quum
352 597 467 626 nunc
487 586 624 627 animi
646 585 834 638 quodam
855 587 974 624 motu
1005 582 1189 625 cohibiti
1224 579 1392 635 aliquid
1431 582 1708 627 reticeamus,

198 644 250 682 ut
268 642 383 695 apud
406 640 673 684 Homerum:
707 642 830 683 εἴποτε
853 641 885 681 δ’
908 638 999 681 affre
1030 638 1155 695 Χρειὼ
1178 635 1280 689 ἐμεῖο
1299 641 1454 688 γένηται
1488 640 1612 679 ἀεικέα
1632 640 1711 678 λοι·

198 698 263 746 ’γὸν
282 702 420 747 α’μῖιναι
441 698 533 741 Τοῖς
552 699 871 741 ἄλλοιν-4111110
890 707 1118 739 vereamur
1152 697 1320 751 aliquid
1340 700 1391 738 ut
1421 696 1608 750 impium
1627 698 1707 747 aut

198 756 310 797 male
325 758 570 799 ominatum
590 758 749 806 dicere,
784 761 835 799 ut
871 757 917 797 in
948 754 1138 807 AEschyli
1176 755 1216 795 A
1248 761 1506 796 amemnone
1539 764 1580 795 v.
1606 751 1708 794 505.

192 810 279 854 “Os-
295 814 373 855 οὔτ’
395 814 563 867 ἄναυδος,
584 816 668 856 οὔτε
691 833 742 856 σοι
763 815 873 855 δαίων
901 814 1030 867 φλόγα
1050 810 1186 855 “Tam
1218 813 1354 868 ορείας,
1390 813 1556 859 Quave?
1580 815 1712 867 καπνῷ

198 870 334 925 πυρὸς,
354 871 471 913 Ἀλλ’
504 873 529 917 ἢ
569 872 613 912 τὸ
653 875 798 927 χαίρειν
837 874 989 921 μᾶλλον
1020 869 1171 920 ἐκβάξει
1209 866 1482 918 >sewum—Tim
1516 870 1638 910 ἀντίον
1672 867 1713 908 δὲ

198 927 317 968 τοῖσδ’
346 932 568 985 ἀποστέργω
602 931 728 979 λόγον.
790 929 920 972 Nunc
950 929 1141 981 denique
1172 928 1379 974 alterum,
1411 935 1510 978 qu'ae
1543 921 1714 967 omitti-

197 998 309 1033 mus,
343 987 488 1039 ipsum
511 988 666 1028 addere
698 988 900 1035 velimus,
935 990 985 1027 ut
1017 986 1135 1041 apud
1171 981 1516 1039 Aristophanem
1547 984 1595 1025 in
1626 981 1716 1024 Ra-¹

196 1044 297 1084 nis:
322 1042 383 1085 ‘H
418 1047 561 1093 ‘yMTnm’
592 1044 1044 1098 ὄμώμοκ’,--Αἲσχύλον
1064 1043 1114 1083 ’δ’
1152 1042 1369 1098 αἱρήσομαι,
1430 1039 1717 1094 Quod⁷g²enlifl

196 1101 243 1142 in
262 1101 418 1154 primis
440 1102 646 1155 frequens
678 1109 745 1144 est
781 1104 827 1144 in
863 1101 1128 1156 proverbiis:
1161 1099 1276 1140 unde
1312 1100 1358 1140 in
1391 1099 1505 1140 libro
1536 1099 1626 1140 isto
1659 1099 1715 1140 de

195 1158 337 1212 ellipsi
360 1159 476 1200 haud
496 1173 597 1201 raro
619 1161 732 1202 inter
752 1161 930 1214 ellipses
959 1157 1293 1200 commemorari
1314 1156 1480 1204 videas,
1517 1165 1628 1212 quae,
1663 1159 1715 1198 ut

195 1217 485 1270 aposiopesis,
518 1218 665 1259 omitti
685 1218 919 1268 debebant,
953 1217 1069 1257 utin
1090 1229 1133 1258 v.
1168 1218 1295 1266 βινεῖν,
1330 1213 1526 1263 διδοίίτκειν,
1550 1215 1716 1263 ἐπάγεσ-

195 1271 278 1321 θαι,
315 1277 599 1327 καταισχύνειν,
642 1275 851 1328 λακτίζειν,
889 1277 1072 1323 πέμπειν.
1153 1272 1278 1314 Nihil
1318 1272 1472 1313 horum
1506 1275 1623 1313 rente
1663 1272 1720 1314 ad

103 1327 372 1386 104e11ipsin
408 1332 635 1373 referetur.
695 1331 812 1373 Nam
847 1331 958 1373 illud
989 1344 1144 1384 genus,
1180 1332 1225 1371 in
1255 1340 1344 1382 quo
1377 1339 1401 1370 e
1431 1329 1718 1385 praeeedenti-

194 1390 276 1431 bus
297 1389 362 1431 vel
396 1388 682 1442 sequentibus
711 1389 858 1430 verbis
893 1389 1062 1443 aliquid
1098 1387 1434 1440 intelligendum
1462 1392 1548 1436 est,
1578 1399 1631 1427 eo
1660 1387 1717 1428 ab

194 1447 336 1500 ellipsi
372 1446 536 1496 differt,
556 1447 675 1499 quod
711 1446 758 1488 in
789 1459 892 1487 vera
912 1445 1058 1500 ellipsi
1094 1445 1155 1492 id,
1186 1444 1304 1498 quod
1343 1444 1532 1498 intelligi
1568 1445 1715 1492 debet,

194 1508 414 1556 nusquam
434 1503 621 1544 dicitur:
655 1504 928 1558 aposiopesis
966 1507 1113 1544 autem
1147 1514 1199 1543 eo
1235 1501 1414 1555 quidem
1433 1510 1533 1544 cum
1567 1502 1716 1557 ellipsi

194 1561 416 1609 convenit,
439 1561 557 1614 quod
578 1562 624 1602 in
646 1566 830 1615 utraque
862 1561 1033 1615 aliquid
1066 1572 1243 1615 prorsus
1276 1559 1516 1609 omittitur,
1547 1559 1622 1601 sed
1651 1559 1718 1600 di-

194 1631 322 1660 versa
343 1623 409 1659 est
445 1619 501 1659 ab
524 1619 667 1672 ellipsi
700 1630 767 1666 eo,
800 1618 918 1670 quod
950 1619 997 1662 in
1024 1618 1169 1672 ellipsi
1204 1616 1374 1669 aliquid
1411 1617 1469 1657 ob
1499 1614 1719 1659 rationem

195 1677 549 1728 grammaticam,
584 1677 631 1716 in
664 1675 913 1730 aposiopesi
936 1676 993 1716 ob
1026 1675 1294 1716 rhetoricam
1329 1674 1545 1716 rationem
1573 1674 1718 1716 abest.

195 1732 397 1775 Dicimus
430 1747 535 1774 vero
575 1735 911 1786 grammaticam
951 1732 1185 1781 rationem,
1225 1742 1314 1786 qua
1354 1727 1525 1784 aliquid
1563 1733 1626 1774 sic
1662 1732 1718 1774 ad

193 1792 459 1832 sententiam
478 1791 616 1839 deest,
650 1795 700 1832 ut
728 1792 869 1832 oratio
898 1791 956 1832 ad
990 1802 1119 1832 usum
1151 1791 1314 1843 linguae
1343 1789 1520 1843 integra
1554 1790 1717 1831 habea-

195 1852 294 1896 tur:
324 1849 586 1890 rhetoricam
607 1852 773 1897 autem,
793 1861 883 1903 qua
903 1849 983 1896 sic,
1004 1852 1055 1890 ut
1081 1859 1135 1890 ne
1168 1848 1224 1889 ad
1257 1848 1596 1901 grammaticum
1617 1849 1717 1901 qui-

197 1906 296 1948 dem
317 1911 445 1948 usu'm
465 1907 607 1948 oratio
629 1908 801 1960 integra
820 1907 893 1947 sit.
956 1905 1076 1947 Hine
1109 1906 1390 1959 intelligitur,
1421 1906 1720 1960 aposiopesin,

197 1965 274 2006 ubi
293 1976 375 2006 usu
396 1965 577 2006 omissio
611 1965 673 2005 sie
693 1965 897 2018 {probata
929 1963 1080 2011 fuerit,
1104 1962 1154 2005 ut
1185 1964 1242 2005 ad
1262 1964 1574 2016 grammaticas
1607 1964 1647 2005 le
1679 1968 1727 2005 es

200 2021 313 2064 nihil
343 2023 582 2063 desiderari
611 2023 902 2070 existimetur,
938 2023 986 2062 in
1008 2022 1185 2075 ellipsin
1215 2022 1345 2069 verti,
1376 2020 1511 2063 veluti
1557 2021 1605 2062 in
1671 2028 1725 2062 'ra

201 2080 321 2119 mula
353 2082 381 2119 εἰ
403 2079 436 2118 δ’
460 2080 546 2128 ἄγε,
569 2082 614 2120 in
634 2093 723 2133 qua
743 2080 1012 2135 explicanda
1033 2080 1195 2121 nollem
1215 2078 1498 2128 Schaeferus,
1518 2078 1637 2133 quod
1657 2082 1722 2121 to-

204 2137 291 2178 ties
314 2150 414 2178 eum
440 2137 594 2179 fecisse
614 2138 824 2185 dolemus,
847 2137 1028 2179 lectores
1050 2147 1199 2179 veram
1233 2137 1297 2178 rei
1331 2138 1549 2179 rationem
1579 2137 1724 2178 doceri

205 2195 386 2249 cupidos
419 2195 714 2243 destituisset;
745 2197 906 2236 nollem
933 2196 1067 2237 etiam
1103 2193 1326 2249 Heynium
1357 2195 1721 2249 reprehendisset,

208 2250 431 2294 verissime
453 2252 507 2294 de
527 2253 607 2294 hac
628 2251 816 2295 formula
835 2248 1124 2307 judicantem.

515 2339 595 2382 111.
629 2340 750 2389 Quid
764 2355 843 2398 per
861 2340 1049 2399 Ellipsin
1065 2341 1207 2384 omitti
1217 2340 1366 2398 possit.

272 2412 399 2461 Quod
429 2415 464 2456 si
498 2416 704 2470 ellipseos
737 2417 919 2471 propria
949 2419 1016 2457 est
1051 2418 1164 2459 ratio
1200 2415 1506 2470 grammatica,
1527 2424 1625 2472 quae
1652 2426 1730 2471 po-

214 2472 302 2513 sita
322 2475 388 2513 est
409 2473 454 2513 in
475 2484 542 2520 eo,
559 2477 609 2514 ut
640 2473 796 2524 oratio,
833 2475 1007 2515 etiamsi
1034 2473 1202 2528 aliquid
1223 2474 1431 2517 omissum
1453 2475 1528 2531 sit,
1560 2475 1732 2531 integra

214 2539 307 2570 esse
327 2534 570 2579 censeatur,
594 2532 701 2584 quia
721 2532 781 2582 id,
801 2531 919 2585 quod
952 2532 1165 2575 omissum
1192 2536 1274 2581 est,
1310 2533 1558 2575 necessario
1579 2534 1730 2575 tamen

130 2581 403 2639 105intelligi
429 2588 602 2638 debeat,
638 2593 688 2630 ut
708 2600 796 2643 quo
830 2599 916 2631 non
947 2590 1170 2638 intellecto
1200 2592 1420 2633 sententia
1439 2588 1561 2632 nulla
1578 2588 1733 2638 futura

218 2645 304 2685 sit:
337 2645 570 2686 videndum
606 2651 688 2694 est,
722 2647 830 2700 quid·
863 2647 944 2689 hoc
978 2646 1052 2696 sit,
1075 2640 1192 2701 qu‘od
1222 2649 1267 2690 in
1302 2655 1477 2703 quaque
1511 2648 1732 2690 sententia

218 2708 361 2754 neque
382 2703 446 2742 ita
466 2704 524 2743 sit
546 2705 856 2752 necessarium,
873 2707 924 2746 ut
945 2716 1032 2746 non
1054 2705 1194 2759 possit
1215 2704 1376 2757 omitti,
1399 2714 1541 2760 neque
1574 2700 1640 2746 ita
1659 2717 1730 2757 sue

218 2759 452 2814 pertinum,
487 2763 538 2800 ut
576 2762 787 2802 omissum
809 2772 895 2802 non
916 2763 1202 2804 desideretur.
1270 2762 1320 2805 In
1351 2760 1432 2805 tali
1469 2767 1619 2804 caussa
1652 2762 1729 2817 qui

221 2817 373 2858 statim
404 2817 458 2857 ad
486 2830 615 2858 usum
648 2823 692 2860 et
725 2820 1083 2861 consuetudinem
1115 2821 1393 2874 confugiunt,
1431 2827 1519 2862 non
1564 2817 1730 2868 vident,

221 2875 356 2915 etiam
391 2885 519 2915 usum
550 2875 812 2928 quibusdam
850 2877 1109 2920 adstrictum
1145 2888 1239 2920 esse
1270 2879 1465 2932 legibus:
1506 2888 1617 2931 quas
1656 2874 1732 2932 ille

222 2943 357 2985 quum
378 2932 540 2974 violare
569 2936 771 2987 nequeat,
794 2934 904 2975 liber
934 2938 1001 2975 est
1027 2939 1175 2976 tamen
1205 2937 1250 2978 in
1283 2936 1368 2984 his,
1391 2949 1488 2988 quae
1521 2946 1600 2990 per
1633 2931 1733 2976 illas

223 2990 341 3044 leges
366 2990 489 3032 licita
524 2995 640 3032 sunt.
703 2988 928 3041 Hoedico,
962 3003 1097 3046 quum
1117 2993 1317 3049 quaedam
1345 2994 1450 3042 sint,
1484 2992 1531 3035 in
1567 2988 1727 3047 quibus.
