1838 3164
203 116 281 159 158
565 122 637 161 DE
668 121 875 163 ELLIPSI
903 120 972 160 ET
1000 116 1336 159 PLEONASMO

194 233 300 286 puto
320 231 447 282 fore,.
465 235 541 289 qui
573 237 706 277 aliam
740 234 1004 276 contendant
1037 233 1213 275 illorum
1242 245 1335 274 esse
1363 231 1557 273 locorum
1574 232 1703 276 ratio-

195 301 311 337 nem,
344 290 391 332 in
411 292 570 344 quibus
591 293 765 336 additur
784 291 1011 334 articulus.
1074 289 1199 332 Nihil
1232 291 1351 334 enim
1383 291 1524 330 mutat
1543 289 1704 332 articu-

194 346 285 394 lus,
312 348 387 400 qui
421 363 522 392 cum
545 351 682 392 'initio
713 352 781 392 his
816 362 989 403 quoque
1017 348 1063 390 in
1093 348 1294 389 formulis
1315 359 1554 401 pronomen
1575 350 1703 397 esset,

108 402 374 457 lsslperinde
394 413 504 459 erat,
538 422 698 451 nomen
716 409 878 462 ipsum,
912 419 968 448 an
989 418 1231 460 pronomen
1250 407 1503 458 poneretur.
1560 402 1706 454 Ἀλέξ-
1732 395 1741 414 s

193 460 320 516 ανδρος
352 462 550 507 Φιλίππου
580 469 647 507 est
678 463 920 507 Aleoecmder
944 461 1159 518 Philippi,
1188 475 1273 505 non
1306 460 1420 504 alius
1449 459 1707 519 cujuspiam.

190 516 442 577 Ἀλέξανδρος
463 525 480 563 ὃ
499 521 697 566 Φιλίππου
716 535 850 577 quum
869 522 1045 570 dicitur,
1065 521 1210 575 primo
1231 519 1491 574 simpliciter
1510 520 1708 561 nomina-

191 579 265 617 tur
284 577 552 630 Alexander,
571 581 743 630 deinde,
774 583 825 621 ut
844 579 901 620 ab
923 579 1023 620 aliis
1041 579 1357 632 distinguatur,
1379 576 1601 631 adjicitur,
1633 574 1709 619 ille

192 631 342 692 Philip
374 634 409 686 i,
440 639 558 691 quod
577 652 681 681 num
701 642 768 680 est
788 635 923 684 aliud,
944 649 1077 689 quam
1107 636 1145 677 si
1173 635 1362 692 repetito
1392 634 1570 677 nomine
1590 634 1708 686 dica-

191 695 279 739 tur,
308 695 318 708 ’
364 693 577 752 λέξανδξος,
608 694 860 751 Ἀλέξανδρος
878 692 1108 736 (Damnavi)

247 748 454 803 Ejusdem
473 755 647 807 generis
678 767 771 795 esse
801 754 937 794 etiam
970 752 1142 804 reliqua
1170 753 1290 804 puto,
1321 763 1419 804 quae
1439 762 1573 805 supra
1592 762 1708 793 com-

190 810 446 862 memoravi,
478 813 568 854 sive
604 812 815 853 articulus
846 823 946 852 cum
975 808 1285 863 praepositione
1310 809 1539 862 jungatur,
1574 811 1624 850 ut
1655 808 1709 848 τοὶ

189 865 286 920 πρὸς
304 867 494 917 πόλεμον,
524 872 555 910 οἱ
575 868 675 922 ἀμφὶ
696 868 918 916 Πλάτωνα,
949 868 1041 908 sive
1061 879 1160 908 cum
1180 866 1404 915 adverbio,
1435 868 1486 908 ut
1511 867 1543 906 οἱ
1562 864 1672 917 ἐ’νδον,
1690 865 1710 907 ὅ

188 923 308 964 πάνυ.
369 925 414 967 N
417 939 489 968 am
509 927 556 968 in
577 927 646 969 his
667 939 842 980 quoque
863 924 1194 978 loquutionibus
1218 923 1428 965 articulus
1448 923 1579 965 initio
1608 935 1711 978 pro-

189 990 347 1023 nomen
385 983 488 1031 fuit,
536 998 625 1039 quo
664 997 800 1037 quum
835 982 1004 1036 aliquid
1044 983 1428 1029 demonstraretur,
1474 978 1710 1035 explicatio

188 1037 290 1079 addi
328 1045 474 1095 coepta
509 1046 575 1084 est
613 1055 747 1095 quam
783 1041 879 1082 fieri
910 1043 1059 1096 posset
1089 1040 1365 1087 brevissime,
1396 1052 1439 1081 v.
1471 1052 1509 1080 c.
1531 1036 1578 1089 οἳ,
1607 1036 1712 1090 ἀμφὶ

187 1093 406 1138 Πλάτωνα·
443 1097 492 1147 οἳ,
523 1099 631 1141 ἐ’νδον.
664 1099 756 1149 isti,
786 1112 934 1154 nempe
964 1097 1076 1139 cirea
1096 1095 1353 1140 Platonem.-
1383 1095 1445 1144 hi,
1475 1109 1622 1152 nempe
1641 1092 1708 1136 in-

189 1158 268 1194 tus.
329 1153 384 1197 Et
402 1157 631 1199 confirmat
653 1159 764 1200 hane
784 1156 1124 1210 explicationem
1145 1155 1299 1208 lingua
1319 1153 1602 1201 Germanica,
1637 1165 1708 1193 cu-

183 1210 258 1263 jus
277 1215 405 1256 tanta
437 1219 502 1257 est
532 1228 632 1256 cum
655 1216 809 1257 Graeco
844 1226 1045 1256 sermone
1079 1217 1124 1254 et
1158 1211 1362 1266 cognatio
1382 1215 1428 1253 et
1449 1209 1711 1259 similitudo,

186 1272 235 1309 ut
255 1281 336 1322 par
355 1272 527 1314 utilitas
562 1286 615 1315 ex
649 1287 801 1315 earum
826 1271 1154 1326 comparatione
1174 1271 1230 1312 ad
1250 1271 1481 1322 utriusque
1503 1268 1713 1324 explana·

188 1325 354 1369 tionem
374 1330 601 1372 redundet.
662 1331 756 1373 Nos
775 1331 909 1384 igitur
931 1331 1050 1371 nulla
1082 1342 1259 1383 prorsus
1292 1340 1393 1369 cum
1423 1326 1571 1382 ellipsi
1603 1325 1711 1368 dici-

190 1396 304 1433 mus,
336 1384 409 1427 dz‘e
445 1386 525 1429 mit
557 1387 651 1430 dem
687 1387 834 1435 Plato,
872 1386 943 1428 dz'e
973 1399 1056 1427 von
1088 1384 1164 1426 der
1197 1382 1506 1441 bargersclzafa
1547 1382 1619 1426 die
1650 1381 1712 1424 im

191 1439 334 1490 hause,
368 1442 443 1485 der
464 1444 525 1486 im
545 1444 728 1492 kimmd,
762 1443 828 1486 die
849 1458 919 1485 am
938 1457 1088 1490 meere,
1110 1441 1182 1483 die
1202 1440 1341 1483 himer
1360 1440 1455 1482 dem
1473 1439 1610 1496 berge,
1644 1438 1714 1481 die

193 1497 392 1548 drinnen,
426 1500 499 1542 die
519 1501 651 1544 oben:
683 1503 791 1555 quin
813 1502 965 1549 etiam,
994 1500 1109 1553 quod
1142 1501 1310 1555 pariter
1342 1499 1514 1540 faciunt
1548 1497 1710 1546 Graeci,

193 1569 293 1597 cum
316 1559 617 1602 substantivo:
653 1559 726 1601 der
759 1559 852 1601 herr
884 1557 946 1600 im
977 1557 1122 1606 kausa,
1155 1557 1231 1598 das
1259 1555 1355 1598 vollc
1386 1554 1436 1597 in
1471 1554 1547 1596 der
1579 1553 1710 1602 stadt,

195 1612 271 1654 der
288 1628 417 1658 mann
448 1616 530 1659 mit
564 1617 637 1658 der
655 1617 794 1665 lauze,
831 1614 903 1657 die
934 1628 1063 1657 senne
1093 1627 1161 1656 am
1189 1613 1374 1660 lzz'mmel,
1407 1610 1479 1654 die
1499 1611 1635 1667 fische
1652 1610 1713 1653 im

106 1676 184 1720 1252
196 1683 361 1722 wasser,
385 1672 456 1715 die
472 1681 568 1716 saat
589 1673 678 1731 auf
688 1674 782 1716 dem
796 1671 934 1730 felde.
994 1671 1151 1713 Obiter
1171 1672 1243 1712 hic
1261 1672 1438 1712 illorum
1459 1669 1711 1714 notabimus

194 1742 400 1780 errorem,
433 1733 510 1784 qui
549 1732 597 1773 in
637 1733 735 1781 hoc,
767 1734 786 1772 ὃ
810 1732 931 1778 πάνυ,
962 1731 1137 1785 ellipsin
1171 1728 1574 1771 comminiscuntur.
1646 1727 1711 1768 Ac

195 1785 352 1830 Bosius
392 1803 529 1843 quum
568 1791 796 1845 περιβόητος
835 1788 1169 1841 intelligendum
1209 1789 1400 1841 putaret,
1446 1784 1710 1827 Schaeferus

193 1848 355 1888 rectius
376 1861 404 1888 a
431 1845 600 1889 Zeunio
632 1850 893 1903 περίβλεπτος
924 1846 992 1887 vel
1013 1845 1153 1895 ’ἔνδοξος
1186 1844 1390 1886 substitui
1425 1843 1588 1890 dicens,
1621 1855 1707 1884 non

194 1906 342 1945 tamen
364 1911 710 1959 repugnaturum
732 1919 777 1947 se
797 1905 979 1951 indicat,
1006 1903 1043 1944 si
1074 1903 1171 1956 quis
1207 1903 1317 1944 nihil
1347 1914 1524 1956 prorsus
1550 1900 1709 1943 subau-

194 1961 401 2004 diendum
435 1964 670 2005 existimet.
732 1962 782 2004 Id
802 1963 958 2004 vellem
978 1960 1265 2003 confidentius
1285 1959 1483 2007 dixisset,
1514 1957 1710 2012 quando-

197 2019 374 2070 quidem
406 2021 606 2074 loquutio
637 2023 721 2063 ista
741 2034 829 2062 non
850 2020 978 2061 aliter
1006 2023 1263 2074 usurpatur,
1293 2030 1427 2072 quam
1451 2019 1502 2058 ut
1529 2016 1634 2056 πάνυ
1653 2013 1710 2056 ad

196 2076 341 2129 ipsum
365 2079 471 2119 illud
492 2092 668 2127 nomen,
705 2080 775 2120 cui
802 2078 1001 2119 additum
1023 2081 1104 2125 est,
1136 2079 1314 2131 spectet.
1372 2073 1548 2119 Etenim
1569 2074 1586 2113 ὅ
1606 2073 1710 2114 πάνυ

196 2132 392 2189 Περικλῆς
411 2141 477 2178 est
498 2138 549 2185 is,
586 2139 663 2190 qui
696 2150 743 2178 re
763 2150 868 2178 vera
894 2149 944 2177 ac
964 2136 1091 2190 plane
1120 2132 1308 2175 Pericles
1330 2136 1412 2181 est,
1442 2132 1488 2173 id
1522 2136 1605 2179 est,
1634 2143 1708 2184 ge-

195 2193 356 2233 nuinus
390 2193 594 2242 Pericles,
629 2208 715 2236 non
735 2196 908 2250 spurius
931 2193 1169 2247 quispiam,
1205 2204 1343 2244 eoque
1363 2190 1540 2232 nomine
1566 2189 1708 2242 indig-

195 2261 291 2291 nus.
353 2249 419 2293 Ex
437 2266 526 2306 quo
547 2257 750 2308 apertum
782 2256 861 2304 est,
892 2264 946 2293 ne
980 2263 1108 2305 posse
1139 2249 1315 2303 quidem
1345 2250 1419 2291 hic
1443 2248 1710 2302 adjectivum

190 2306 394 2361 intelligi.

252 2364 538 2420 Attingamus
569 2382 684 2411 nunc
721 2368 874 2416 alium,
914 2379 1101 2420 eumque
1140 2364 1411 2406 uberrimum
1440 2361 1611 2403 fontem
1643 2363 1707 2402 te-

195 2433 312 2463 mere
333 2423 532 2467 fictarum
554 2427 792 2481 ellipsium,
822 2426 877 2466 ad
905 2437 1032 2478 quem
1052 2425 1189 2465 etiam
1210 2422 1329 2463 infra
1358 2433 1445 2462 non
1475 2419 1608 2461 semel
1643 2431 1708 2459 re-

197 2478 417 2524 deundum
449 2485 577 2525 nobis
607 2486 708 2532 erit,
740 2484 1040 2525 confusionem
1061 2482 1157 2523 dico
1178 2480 1363 2520 duarum
1385 2477 1705 2531 loquutionum.

196 2533 332 2589 Cujus
366 2554 502 2594 quum
538 2543 583 2583 in
619 2541 824 2583 omnibus
858 2542 1020 2594 linguis
1053 2553 1140 2581 non
1174 2550 1316 2593 pauca
1346 2536 1548 2591 exempla
1586 2533 1707 2575 inve-

194 2594 391 2648 niuntur,
422 2603 516 2640 tum
538 2601 583 2640 in
605 2598 760 2641 Graeca
776 2600 928 2652 lingua
960 2599 1052 2639 haec
1079 2596 1192 2638 ratio
1221 2599 1311 2636 tam
1332 2596 1420 2635 late
1441 2593 1602 2634 diffusa
1620 2594 1704 2637 est,

192 2654 244 2692 ut
265 2656 406 2707 magis
424 2657 499 2697 ubi
523 2670 609 2698 non
630 2662 860 2712 appareat,
891 2669 1026 2710 quam
1055 2656 1132 2696 ubi
1167 2656 1395 2708 appareat,
1425 2649 1706 2704 quaerendum

192 2710 401 2752 videatur.
463 2713 556 2755 Nec
575 2717 751 2762 mirum,
775 2713 952 2755 Graecos
973 2715 1018 2754 in
1049 2717 1175 2755 tanta
1198 2710 1366 2764 ingenii
1387 2709 1635 2750 mobilitate
1651 2717 1705 2771 ac

192 2768 415 2811 celeritate
437 2773 493 2812 ab
514 2785 601 2813 una
628 2773 810 2814 notione
842 2773 897 2813 ad
929 2772 1063 2812 aliam
1093 2769 1330 2815 transilire,
1361 2771 1405 2808 et
1425 2766 1486 2807 sic
1502 2765 1705 2806 diverffis-

193 2825 304 2867 sima
326 2827 371 2868 in
391 2828 564 2869 brevius
585 2844 736 2883 cogere
767 2830 918 2870 solitos
939 2830 1087 2870 fuisse.
1136 2826 1247 2875 ,Quo
1283 2825 1440 2878 magis,
1471 2826 1708 2874 antequam

191 2883 247 2922 ad
280 2885 454 2939 ellipsin
491 2887 651 2938 aliquis
681 2888 923 2938 confugiat,
958 2885 1193 2928 videndum
1226 2887 1306 2935 est,
1337 2895 1390 2923 ne
1425 2881 1611 2921 duarum
1644 2878 1705 2918 lo-

192 2942 452 2993 quutionum
490 2945 763 2994 confusione,
810 2958 904 2999 quae
932 2945 1054 2998 justo
1092 2943 1268 2986 brevius
1303 2940 1422 2984 dicta
1459 2938 1705 2988 videantur,
