1838 3164
182 151 267 199 206
493 125 568 198 ΒΕ
598 150 811 198 Etmrsi
837 150 909 197 m*
934 150 1292 205 rmoNAsmo,
1319 156 1386 207 &a

181 271 398 320 nentium,
417 284 516 326 quae
535 272 855 328 paradigmatis
884 272 980 312 loco
1011 269 1206 312 exhiberi
1242 270 1398 318 solent,
1422 265 1469 312 in
1500 272 1683 326 perpau-

181 331 245 371 cis
277 331 422 371 verbis
459 331 634 373 usitatae
667 330 859 372 fuerunt.
930 326 1098 370 Boeotis
1133 342 1208 370 eas
1241 329 1400 370 tribuit
1435 325 1686 370 Heraclides

181 388 299 444 apud
330 386 610 430 Eustathium
646 398 691 443 p.
727 388 827 435 831,
859 385 927 427 63.
963 386 1038 428 sed
1069 400 1165 440 quae
1200 387 1276 427 ille
1311 387 1513 440 exempla
1541 385 1687 434 affert,

182 445 301 499 apud
342 443 583 488 Homerum
622 447 923 492 inveniuntur,
971 444 1089 486 ἐλάων
1130 446 1174 486 in
1214 444 1374 497 hymno
1414 442 1548 491 Merc.
1585 440 1686 484 342.

181 502 328 551 διψέων
359 502 515 556 Odyss.
546 504 604 545 A.
636 502 735 557 584.
764 504 922 544 πεινάων
948 500 1072 543 Iliad.
1106 500 1160 544 Γ.
1193 501 1264 543 25.
1299 501 1358 544 Π.
1393 500 1477 543 758
1509 501 1556 543 Σ.
1591 498 1688 541 162.

180 561 341 615 quibus
361 562 462 602 addi
482 562 679 615 quaedam
700 563 885 616 possunt
903 560 1007 607 alia,
1035 563 1086 600 ut
1104 560 1337 608 ἀναμαιμάει
1368 558 1492 601 Iliad.
1513 559 1566 601 T.
1585 556 1687 599 490.

180 617 387 666 τηλεθάον,
409 618 687 667 τηλεθάοντας,
719 616 975 662 τηλεθάουσαι
1007 615 1132 659 Iliad.
1169 616 1217 659 P.
1235 617 1303 660 35.
1337 616 1392 659 X.
1414 616 1513 659 423-
1545 616 1690 668 hymn.

180 673 292 717 Ven.
328 675 425 726 267.
460 681 507 719 et
542 678 781 732 saepissime
820 687 1048 717 occurrens
1086 675 1266 717 verbum
1305 677 1497 718 ναιετάειν.
1570 673 1693 716 Non-

179 733 285 775 dum
313 734 367 776 de
397 735 478 778 hoc
509 737 628 778 omni
664 747 822 788 genere
851 734 1036 775 allatum
1055 735 1137 782 est,
1173 733 1291 787 quod
1322 745 1466 790 operae
1498 732 1715 789 pretium,

180 793 254 833 sit.
812 815 814 817 ·
1561 812 1563 814 ·

237 848 325 891 Sed
354 850 500 898 redeo,
531 850 646 891 unde
667 849 889 902 digressus
909 861 1018 890 sum.
1079 847 1311 904 Euripides
1329 848 1378 889 in
1396 846 1556 890 Troad.
1587 845 1691 895 402,

179 919 208 949 a
228 907 462 949 Schaefero
481 908 644 948 citatus
663 921 672 946 :
709 906 840 963 Πάρις
868 906 902 946 δ’
922 907 1046 955 ’ἔγημε
1070 905 1143 949 τὴν
1165 905 1432 956 Ans-ammas
1465 905 1504 946 δὲ
1528 903 1606 954 μὴ,
1629 904 1695 946 Σι-

179 966 345 1014 vomam
383 965 427 1006 τὸ
461 964 572 1008 κῆδος
602 963 706 1019 εἶχεν
738 966 772 1005 ἐν
807 964 945 1014 δόμοις.
1006 963 1058 1006 Si
1092 977 1179 1006 non
1213 962 1417 1006 dumisset.
1477 962 1696 1017 Apertum

180 1027 263 1071 est,
294 1023 409 1075 quod
439 1035 590 1063 eorum
619 1035 773 1064 caussa
808 1036 979 1072 moneo,
1011 1023 1088 1076 qui
1120 1020 1181 1071 μὴ
1214 1022 1255 1063 οἷ)
1280 1024 1381 1077 post
1412 1021 1694 1074 negationem

181 1080 267 1122 dici
287 1081 481 1129 tradunt,
514 1080 599 1132 hic,
620 1081 795 1122 etiamsi
825 1082 871 1121 in
894 1081 1075 1137 apodosi
1095 1082 1348 1122 accessisset
1379 1071 1573 1132 negatio,
1605 1089 1694 1120 non

181 1137 242 1185 μὴ
264 1138 305 1179 οἷ)
325 1139 400 1180 sed
421 1138 481 1187 μὴ
499 1139 733 1179 dicendum
762 1139 910 1180 fuisse.
970 1138 1059 1182 Fac
1089 1139 1206 1180 enim
1236 1137 1466 1193 scripsisse
1497 1139 1695 1193 poetam,

183 1195 227 1236 τὸ
254 1196 364 1239 κ”ἦδος
385 1199 450 1237 οὐκ
483 1194 526 1237 ἂν
554 1194 639 1250 εἶχε
667 1195 805 1238 κλεινὸν
833 1198 868 1238 ἐν
904 1196 1044 1250 δόμοις,
1076 1196 1363 1238 nihilominus
1392 1194 1614 1236 debuisset
1635 1192 1697 1243 μῆ

182 1253 316 1302 ’γήμας
346 1254 524 1302 addere,
558 1255 662 1308 quia
704 1267 791 1295 non
824 1255 1082 1308 ambiguum
1121 1254 1344 1308 relinquit,
1384 1256 1533 1294 utrum
1574 1250 1700 1303 Paris

182 1322 364 1353 uxorem
403 1313 593 1360 duxerit,
628 1325 684 1354 an
722 1325 810 1353 non
845 1313 1036 1355 duxerit.
1097 1310 1326 1366 AEschylus
1355 1312 1403 1352 in
1439 1308 1701 1351 Prometheo

89 1370 225 1414 234v.
249 1368 347 1411 503.
379 1367 537 1418 Οὐδεὶς,
570 1371 660 1423 σάφ’
692 1367 790 1418 οἶδα,
824 1370 883 1418 μὴ
910 1373 1041 1418 μάτην
1071 1375 1211 1424 φλῦσαι
1239 1368 1375 1410 θέλων.
1435 1366 1587 1416 Nemo,
1623 1365 1702 1425 qui

187 1432 337 1468 temere
355 1440 400 1468 se
414 1427 584 1482 jactare
603 1426 729 1475 nolit,
747 1429 789 1468 id
811 1432 893 1476 est,
914 1441 1035 1470 nemo
1054 1441 1153 1469 vera
1174 1425 1312 1467 dicere
1331 1437 1493 1467 amam.
1553 1421 1636 1467 Μὴ
1658 1422 1701 1465 οἱ)

185 1485 223 1525 si
261 1485 459 1536 dixisset,
493 1485 536 1525 id
579 1485 710 1534 foret,
749 1497 886 1532 nemo,
931 1482 1020 1526 nisi
1035 1485 1246 1542 jactator.
1306 1483 1531 1525 Interdum
1562 1482 1701 1523 ambi-

184 1553 318 1595 guum
339 1546 421 1589 est,
447 1545 595 1583 utrum
616 1542 676 1591 μῆ
697 1542 753 1584 sit
771 1540 811 1584 si
830 1555 930 1591 non,
962 1556 1017 1584 an
1045 1541 1159 1599 quod
1184 1555 1283 1583 non.
1346 1540 1469 1582 Male
1492 1539 1699 1583 Schaefe-

184 1607 260 1640 rus
282 1601 325 1640 in
347 1597 570 1640 Meletem.
594 1601 692 1641 crit.
714 1613 759 1654 p.
787 1599 883 1641 109.
905 1600 947 1640 οἱ)
968 1602 1179 1641 omissum
1198 1602 1325 1653 putat
1357 1600 1403 1639 in
1437 1598 1519 1639 hoc
1554 1594 1700 1638 Xeno-

187 1656 365 1710 phontis
386 1657 495 1708 loco,
531 1657 577 1697 in
603 1656 745 1698 Anah.
767 1658 825 1699 vi.
847 1656 891 1706 4,
919 1656 984 1698 19.
1020 1657 1083 1698 καὶ
1109 1656 1169 1698 ἐπὶ
1200 1658 1323 1711 τούτῳ
1350 1658 1471 1696 πάλιν
1507 1656 1638 1695 ἐλύετο
1665 1656 1702 1695 ἐς

190 1714 283 1769 τρὶς,
305 1713 369 1755 καὶ
389 1716 454 1755 οὐκ
476 1715 643 1763 ἐγίγνετο
663 1714 715 1755 τοὶ
735 1717 826 1765 ἱερά.
847 1714 910 1756 καὶ
930 1713 1002 1759 ’ἤδη
1023 1714 1086 1756 καῖ
1109 1713 1170 1755 ἐπὶ
1192 1714 1328 1757 σκηνην
1356 1714 1472 1754 ἰόντες
1497 1711 1570 1755 τὴν
1590 1712 1703 1754 Εενο-

189 1777 332 1824 φῶντος
348 1772 493 1822 ἐ’λενγον,
514 1772 570 1812 ὅτι
591 1775 657 1813 οὐκ
675 1773 798 1825 ἔχοιεν
813 1773 865 1813 τοὶ
886 1772 1092 1818 ἐπιτήδεια·
1124 1774 1142 1811 ὅ
1175 1771 1208 1811 δ’
1231 1774 1297 1812 οὐκ
1325 1769 1368 1812 ἂν
1389 1771 1461 1824 ’ἔφη
1483 1769 1700 1819 ἐξαγαγεῖν,

141 1882 144 1886 η
190 1827 250 1877 μὴ
280 1831 502 1879 «γιγνομένων
529 1833 603 1871 τῶν
637 1832 750 1886 ἱερῶν.
811 1829 914 1872 Non
935 1831 1042 1872 dicit
1064 1831 1148 1881 hic,
1170 1827 1261 1871 ’1ϊὶδὶ
1291 1841 1410 1870 sacra
1441 1825 1703 1879 addicerent,

189 1898 278 1939 quo
297 1900 476 1942 prorsus
498 1900 550 1928 ea
577 1901 646 1929 res
667 1889 831 1930 incerta
852 1888 1187 1942 relinqueretur,
1223 1887 1297 1928 sed
1326 1890 1419 1938 aut,
1449 1884 1495 1928 si
1518 1898 1605 1927 non
1624 1883 1702 1926 ad-

192 1942 390 1997 dicerent,
424 1949 500 1986 aut
520 1945 634 2001 quod
647 1959 731 1988 non
751 1945 1015 1988 addicerent.
1078 1946 1152 1988 Sic
1181 1946 1315 1986 etiam
1335 1944 1452 1999 apud
1472 1941 1702 1984 Platonem

190 2003 243 2072 inx
258 2002 516 2044 parmenide
533 2018 574 2059 p.
611 2003 704 2044 146.
734 2003 785 2046 Ε.
820 2004 902 2046 οὐδὲ
921 2003 1001 2054 μὴν
1024 2003 1171 2046 {ocu-toi&
1185 2020 1230 2053 ‘ys
1252 2003 1346 2057 ἕτερ’
1363 2000 1406 2043 ἂν
1425 2001 1482 2045 εἴη
1500 2000 1702 2050 ἀλλήλων,

190 2075 250 2108 μη
270 2062 492 2113 μετέχοντα
512 2066 579 2104 τοῦ
599 2064 738 2118 ἑτέρου.

249 2117 333 2159 Sed
360 2119 489 2159 finem
523 2120 744 2174 imponam
766 2119 869 2161 huic
890 2119 1205 2162 dissertationi.
1268 2116 1424 2171 Neque
1447 2116 1563 2158 enim
1583 2115 1704 2169 aliud

190 2176 324 2226 volui,
353 2188 486 2230 quam
506 2178 748 2226 ostendere,
779 2179 1116 2233 explicationem
1150 2177 1281 2230 hujus
1315 2176 1415 2223 loci,
1451 2175 1527 2229 qui
1554 2179 1619 2216 est
1647 2174 1703 2216 de

191 2234 335 2288 ellipsi
359 2237 402 2275 et
431 2236 702 2288 pleonasmo,
731 2236 805 2277 vix
834 2234 1099 2284 inchoatam,
1131 2235 1290 2276 nedum
1317 2233 1559 2289 perfectam
1579 2244 1702 2280 esse;

191 2304 242 2331 ac
262 2305 316 2332 ne
337 2305 465 2346 posse
485 2294 662 2346 quidem
683 2294 848 2348 perfici,
880 2294 965 2335 nisi
987 2294 1078 2345 illa,
1115 2306 1213 2347 quae
1245 2293 1300 2332 ab
1335 2292 1416 2333 hoc
1444 2293 1538 2332 loco
1554 2290 1705 2331 aliena

193 2353 310 2396 sunt,
345 2355 668 2392 removeantur.
730 2350 897 2393 Poterit
926 2356 1075 2393 autem
1110 2351 1177 2391 vel
1212 2362 1266 2391 ex
1298 2350 1379 2389 hac
1412 2361 1459 2389 re
1496 2347 1702 2400 intelligi,

192 2410 462 2461 quantopere
482 2409 709 2458 fallantur,
740 2421 959 2464 quamque
980 2422 1154 2464 parum,
1190 2420 1277 2462 quo
1304 2407 1349 2446 in
1371 2409 1487 2447 statu
1504 2405 1563 2446 sit
1582 2404 1703 2446 Grae-

192 2477 253 2505 cae
287 2465 448 2517 linguae
484 2466 695 2520 cognitio,
716 2506 718 2509 ,
743 2468 1003 2520 intelligant,
1051 2467 1128 2520 qui
1161 2467 1227 2508 vel
1262 2464 1551 2505 fundamenta
1583 2463 1704 2515 jacta

193 2533 286 2562 esse
318 2521 482 2564 Graecae
519 2526 810 2577 grammaticae
839 2525 1036 2566 credunt.
1098 2522 1224 2571 Quod
1256 2523 1292 2563 si
1326 2524 1442 2563 recte
1469 2526 1561 2562 rem
1587 2520 1704 2561 volu-

195 2587 292 2621 mus
312 2582 544 2634 aestimare,
572 2582 739 2636 aliquid
759 2583 813 2624 ad
835 2596 933 2624 eum
957 2583 1087 2623 finem
1115 2581 1310 2622 materiae
1341 2579 1491 2634 parari
1511 2576 1704 2634 coeptum

97 2643 181 2686 235
194 2648 287 2678 esse
320 2637 589 2688 fatebimur3
628 2644 820 2695 coeptum
853 2654 946 2682 esse
977 2641 1114 2682 etiam
1153 2640 1198 2679 in
1230 2638 1373 2680 varios
1413 2638 1527 2678 locos
1561 2635 1701 2689 digeri

193 2695 304 2737 hanc
324 2698 582 2745 materiam3
617 2699 691 2740 sed
712 2703 949 2752 antequam
968 2698 1114 2752 plura,
1145 2709 1283 2751 eaque
1303 2707 1388 2736 non
1414 2697 1596 2740 temere,
1627 2691 1704 2734 sed
1731 2737 1741 2747 ⁴

191 2764 291 2794 cum
330 2754 509 2795 consilio
539 2757 728 2809 quodam
762 2761 806 2797 et
833 2756 1000 2811 Judicio
1034 2759 1241 2808 congesta
1273 2752 1462 2800 fuerint,
1489 2751 1578 2792 non
1608 2762 1702 2793 csse

191 2809 405 2861 futurum,
439 2815 490 2853 ut
511 2814 565 2853 ad
586 2827 734 2856 veram
756 2818 800 2858 et
821 2817 1066 2857 accuratam
1100 2811 1264 2856 Graecae
1297 2809 1593 2866 grammaticae
1623 2807 1703 2851 sci-

191 2870 357 2913 entiam
379 2871 674 2927 perveniatur.
877 2889 880 2892 ·
1006 2889 1010 2892 ’
