1838 3164
665 176 731 229 ΙΝ
755 174 958 231 saffica
984 168 1223 232 ‘Lmequ
1594 177 1674 230 187

171 302 232 346 sit
252 300 367 358 apud
387 299 569 345 Latinos
590 304 817 362 particulae
846 314 973 360 quam
998 310 1104 347 usus
1125 305 1173 346 in
1203 304 1530 359 comparatione
1569 303 1673 345 inae-

170 361 381 416 qualium,
410 374 463 403 eo
481 365 563 403 usu
583 362 762 403 ‘factum
792 375 902 411 esse,
931 365 981 403 ut
1011 366 1139 419 q'uam
1171 362 1305 404 etiam
1335 364 1478 404 solum
1516 374 1597 416 per
1628 373 1674 402 se

174 419 437 473 significaret
467 418 608 475 magis
630 431 771 476 quam.
831 418 881 460 In
900 426 1031 472 quam
1064 434 1157 462 rem
1196 423 1314 462 certe
1334 434 1358 462 e
1392 419 1548 461 Graeco
1582 431 1674 460 ser·

173 489 302 518 mone
322 477 492 518 illustre
511 477 758 530 exemplum
778 478 989 518 habemus
1009 478 1269 533 particulam
1290 476 1389 532 πρὶν,
1421 491 1518 530 quae
1539 489 1675 530 quum

172 534 352 589 proprie
372 534 435 575 sic
453 539 568 576 esset
586 535 854 589 usurpanda,
871 537 921 576 ut
941 535 1024 590 πρὶν
1040 534 1065 580 ἦ
1086 536 1312 584 diceretur,
1332 535 1564 589 paullatim
1586 534 1678 574 fac-
1738 535 1741 539 ’

175 595 271 633 tum
287 595 366 642 est,
394 593 445 633 ut
465 589 548 646 πρὶν
566 591 699 632 etiam
734 606 848 633 nunc
878 604 958 646 pro
987 593 1012 638 ἢ
1041 596 1350 648 usurparetur:
1386 591 1465 635 Mo.
1499 591 1583 646 πρὶν
1617 591 1679 631 ἐπ’

173 649 295 692 ἧέλιον
315 648 432 696 δῦναι,
453 647 517 688 καῖ
547 649 608 689 ἐ’πι
627 651 762 702 κνέφας
782 648 920 701 ἐλθεῖν,
941 648 1040 706 Πρίν
1059 669 1110 699 με
1129 650 1365 704 καταπρηνὲς
1383 650 1532 698 βαλέειν
1553 647 1678 704 Hpm'-

174 723 258 755 μοιο
275 703 483 761 μέλαθρον,
503 719 618 747 nunc
635 720 713 760 pro
734 706 817 762 πρὶν
836 705 861 750 ’ἦ
879 721 889 748 :
919 705 1004 749 Τῆν
1035 707 1069 748 δ’
1090 708 1163 757 ἐγὼ
1185 712 1226 748 οἷ]
1245 708 1365 755 λύσω,
1397 708 1484 762 πρίν
1513 724 1577 754 μιν
1614 701 1769 746 na2189

172 766 294 820 σγῆρας
322 764 467 804 ἔπεισιν.
526 762 776 818 Utrumque
796 777 974 819 prorsus
993 766 1146 808 eodem
1170 764 1297 807 modo
1316 764 1364 806 fit
1393 764 1509 818 apud
1530 777 1608 806 nos
1631 764 1679 804 in

173 820 404 875 particulis
425 820 518 862 elzer
533 822 599 862 vel
622 820 711 871 elie,
732 826 776 863 et
797 821 932 864 bevor.

232 876 284 919 In
306 878 456 920 eodem
479 879 683 920 adverbio
716 882 868 928 μᾶλλον
907 878 1085 932 gravius
1105 879 1239 920 etiam
1274 877 1433 920 erravit
1452 875 1683 918 Leisnerus

175 947 220 990 p.
240 933 340 977 481.
376 939 528 984 μᾶλλον
548 936 572 981 ἦ
594 937 738 978 omitti
760 941 938 991 putans,
961 936 1037 976 ubi
1073 936 1308 990 positivum
1347 948 1505 977 nomen
1540 934 1683 975 infini-

175 993 267 1035 tivo
282 993 499 1048 jungitur,
521 995 600 1042 sic,
621 998 670 1035 ut
688 994 856 1047 'aliquid
885 995 1071 1036 nimium
1091 1006 1183 1036 esse
1204 994 1432 1040 indicetur,
1463 1004 1596 1045 quam
1627 991 1684 1032 ad

176 1054 344 1093 certum
385 1051 515 1092 finem
566 1065 740 1093 necesse
778 1056 858 1099 est,
901 1055 951 1093 ut
1001 1050 1117 1105 apud
1162 1050 1497 1106 Xenophontem
1547 1047 1681 1089 Mem.

179 1107 297 1150 Socr.
322 1109 386 1150 iii.
417 1108 482 1160 13,
500 1109 543 1150 3.
580 1109 687 1150 ἄλλα
721 1108 892 1164 ψυχρὸν,
913 1110 1000 1162 ἔφη,
1030 1108 1124 1148 ὥστε
1145 1107 1372 1157 λούσασθαι,
1395 1108 1508 1148 ἐστίν.
1570 1104 1684 1147 Con-

177 1164 296 1219 fugit
316 1166 362 1207 in
383 1166 634 1219 hujusmodi
655 1167 867 1221 exemplis
888 1168 1020 1208 etiam
1040 1164 1403 1219 Wyttenbachius
1424 1165 1478 1205 ad
1509 1163 1684 1217 ellipsin

179 1223 226 1264 in
249 1215 362 1265 Bibl.
386 1222 493 1265 Crit.
517 1225 581 1265 iii.
599 1223 640 1265 2.
663 1238 707 1278 p.
732 1223 799 1265 65.
833 1227 1193 1266 commemoratus
1221 1237 1248 1266 a
1276 1222 1509 1264 Schaefero
1530 1222 1575 1263 et
1596 1221 1685 1268 hic,

179 1282 224 1320 et
261 1293 306 1334 p.
353 1280 443 1323 132.
485 1281 559 1322 ubi
599 1283 727 1336 plura
766 1281 819 1322 de
858 1282 938 1323 hoc
968 1282 1173 1334 loquendi
1220 1281 1346 1322 modo
1390 1280 1521 1320 allata
1565 1281 1685 1319 sunt.

181 1336 315 1379 Nulla
335 1339 406 1379 hic
424 1339 590 1393 ellipsis
609 1342 688 1390 est,
717 1340 807 1380 sive
826 1339 1078 1393 positivum,
1099 1339 1190 1380 sive
1205 1337 1566 1392 comparativum,
1596 1336 1688 1377 sive

179 1395 495 1448 superlativum
530 1397 588 1437 sit
624 1403 796 1437 nomen.
854 1395 972 1438 Nam
1007 1397 1098 1437 haec
1132 1397 1330 1449 loquutio
1365 1396 1428 1435 sic
1462 1395 1590 1435 debet
1626 1393 1689 1434 in-

180 1452 341 1505 telligi,
362 1455 412 1493 ut
434 1453 551 1493 istud
583 1466 758 1501 nomen,
797 1452 844 1493 in
871 1466 955 1505 quo
989 1452 1104 1495 inest
1138 1454 1427 1507 comparatio,
1458 1451 1539 1492 tali
1573 1450 1690 1491 vocis

181 1509 524 1551 conformatione
573 1510 853 1565 pronunciari
893 1513 1088 1564 putetur,
1126 1523 1222 1563 quae
1268 1509 1587 1550 dubitationem
1631 1507 1691 1547 lo-

183 1567 360 1619 quentis
379 1568 611 1620 exprimat.
673 1566 815 1608 Nemo
834 1569 951 1608 enim
971 1580 1058 1608 non
1076 1568 1252 1614 sentiet,
1282 1567 1402 1608 aliud
1433 1578 1526 1614 esse
1547 1567 1694 1605 utrum

184 1636 298 1679 aqua
312 1621 492 1680 frigida
523 1624 582 1665 ad
602 1623 832 1666 lavandum
869 1625 931 1666 sic
950 1623 1138 1673 dicatur,
1168 1630 1219 1666 ut
1238 1625 1494 1665 vocabulum
1511 1620 1693 1679 frigida

184 1693 273 1722 non
293 1681 437 1730 aliter,
468 1694 601 1734 quam
634 1682 804 1733 reliqua
835 1682 1166 1734 pronuncietur‚
1197 1694 1253 1722 an
1291 1682 1404 1722 idem
1436 1680 1693 1721 vocabulum

184 1739 363 1792 gravius
400 1743 444 1779 et
481 1752 580 1780 cum
616 1739 805 1791 quadam
835 1738 1108 1779 haesitatione
1137 1739 1404 1792 proferatur,
1441 1738 1563 1790 cujus
1602 1738 1695 1777 haec

183 1796 252 1836 vis
272 1800 357 1844 est,
384 1799 435 1836 ut
454 1796 685 1844 indicetur,
720 1796 1063 1849 satisfrigidam
1083 1795 1185 1844 dici,
1217 1808 1348 1852 quam
1380 1808 1466 1848 qua
1498 1794 1598 1849 quis
1633 1795 1694 1836 la-

185 1853 279 1894 vari
301 1853 421 1895 velit.

245 1909 348 1952 Non
371 1911 527 1965 magis,
548 1912 624 1953 ubi
654 1914 806 1960 μᾶλλον
826 1914 926 1966 post
945 1911 1016 1967 ὅσῳ
1036 1911 1176 1961 abest,
1207 1923 1259 1951 ea
1294 1923 1385 1952 esse
1415 1910 1582 1963 ellipsis
1616 1922 1695 1963 pu-

186 1967 324 2010 tanda
342 1971 429 2010 est:
462 1971 510 2009 ut
541 1970 660 2023 apud
690 1969 987 2024 Thucydidem
1020 1969 1078 2009 vi.
1111 1967 1182 2009 89.
1216 1967 1322 2022 (non
1352 1967 1444 2022 86.)
1478 1966 1556 2008 ἐπεὶ
1577 1966 1694 2015 &mao-
1709 1965 1787 2008 190

189 2027 346 2081 κρατίαν
383 2044 428 2075 γε
457 2025 519 2066 καὶ
547 2027 816 2075 ἐγιγνώσκομεν
841 2029 873 2067 οἳ
902 2027 1113 2079 φρονοῦντές
1146 2042 1198 2073 τι,
1235 2025 1297 2066 καὶ
1332 2024 1446 2065 αὐτὸς
1480 2023 1619 2065 οὐδενὸς
1651 2022 1694 2066 ἂν

188 2086 333 2139 χεῖρον,
369 2083 439 2140 ὅσῳ
466 2083 529 2123 καῖ
562 2084 831 2140 λοιδορήσαιμι.
903 2082 1036 2130 Nam,
1071 2087 1122 2125 ut
1157 2096 1289 2137 supra
1327 2081 1612 2128 ostendimus,
1643 2094 1696 2122 ea

190 2153 279 2182 non
302 2145 369 2182 est
389 2141 570 2195 ellipsis,
602 2155 735 2197 quum
766 2141 1024 2182 vocabulum
1055 2141 1150 2193 jam
1186 2143 1317 2180 antea
1342 2140 1535 2193 positum
1564 2139 1620 2179 ob
1651 2137 1696 2179 id

189 2197 335 2252 ipsum
357 2199 425 2240 bis
444 2199 549 2253 poni
572 2199 853 2242 detrectatur.
913 2197 1050 2252 Atqui
1070 2200 1223 2246 μᾶλλον
1244 2198 1289 2238 in
1317 2197 1435 2237 omni
1469 2208 1694 2250 compara-

187 2256 279 2297 tivo
314 2257 443 2304 inest,
476 2257 540 2297 ita
572 2260 622 2297 ut
652 2261 778 2312 χεῖρον
814 2258 858 2297 in
892 2254 1156 2308 Thucydidis
1176 2255 1270 2295 loco
1293 2255 1351 2295 sit
1379 2257 1531 2300 μᾶλλον
1551 2258 1692 2293 κακῶς.

189 2310 256 2354 Ex
277 2313 428 2356 eodem
463 2327 620 2366 genere
654 2319 718 2356 est
743 2314 920 2354 omissio
954 2313 1258 2354 adverbiorum
1288 2310 1369 2352 οὐδὲ
1401 2314 1444 2357 et
1475 2309 1576 2359 οὔτε,
1606 2310 1697 2351 alia

191 2375 401 2423 sequente
422 2373 682 2424 negatione:
716 2372 769 2413 de
798 2384 886 2424 qua
907 2384 953 2412 re
983 2371 1194 2424 explicuit
1227 2368 1487 2410 Schaeferus
1515 2381 1562 2423 p.
1591 2365 1694 2411 485.

192 2426 309 2469 Nam
333 2429 423 2470 haec
443 2430 571 2482 longe
587 2430 674 2471 alia
694 2430 834 2481 figura
853 2432 935 2475 est,
958 2441 1088 2480 quam
1100 2427 1282 2481 ellipsis.

249 2483 436 2540 Ellipsin
456 2487 682 2540 particulae
701 2487 757 2526 ὅτι
791 2500 845 2527 ne
881 2497 1262 2527 commemorarem
1294 2482 1485 2535 quidem,
1520 2483 1607 2523 nisi
1627 2496 1697 2524 ve-

191 2556 327 2592 rerer,
359 2556 414 2584 ne
434 2556 562 2595 quem
584 2542 644 2584 H.
678 2543 890 2598 Stephani
925 2543 1164 2584 auctoritas
1198 2543 1244 2583 in
1277 2553 1464 2582 errorem
1498 2540 1699 2594 implica-

193 2603 286 2641 ret:
332 2601 407 2653 qui
447 2614 580 2654 quum
621 2614 720 2642 eam
759 2601 1019 2655 particulam
1058 2601 1259 2641 omissam
1299 2598 1492 2639 crederet
1530 2598 1576 2638 in
1617 2597 1699 2639 hoc

192 2656 458 2711 Thucydidis
478 2659 589 2706 loco,
619 2672 659 2700 v.
681 2658 749 2700 61.
785 2658 848 2699 καὶ
889 2657 1108 2713 προσβολὰς
1142 2659 1342 2704 ἐποιοῦντο,
1375 2656 1593 2704 βουλόμενοι
1627 2653 1701 2695 ἅλ-

194 2723 272 2756 λως
292 2733 333 2755 τε
354 2714 625 2770 ωροωγενέσῧαι
646 2718 759 2769 σφίσι,
778 2715 841 2756 καὶ
874 2716 1003 2771 ὅμηροι
1036 2717 1077 2756 ἐκ
1112 2718 1182 2758 τῆς
1202 2713 1411 2769 Ἀρκαδίας
1440 2712 1532 2756 ἦσαν
1561 2709 1700 2753 αὐτόθι

195 2771 269 2814 ὖπὸ
310 2771 614 2821 Λακεδαιμονίων
661 2775 834 2822 κείμενοι,
886 2786 972 2814 non
1019 2772 1343 2820 animadvertit,
1389 2767 1698 2823 Thucydidem,

195 2830 311 2884 quod
343 2831 382 2871 is
401 2831 509 2873 facit
537 2831 792 2886 saepissime,
823 2845 959 2884 quum
990 2835 1091 2872 ante
1124 2842 1179 2871 ex
1213 2830 1358 2871 aliena
1394 2827 1607 2868 sententia
1636 2827 1701 2867 lo-

197 2891 358 2943 quutus
386 2893 518 2937 esset,
539 2902 593 2930 ex
612 2902 691 2930 sua
711 2890 851 2943 ipsius
873 2889 1091 2930 sententia
1120 2888 1239 2941 loqui
1269 2899 1465 2942 pergere.
1526 2882 1700 2938 Maj0re

195 2958 292 2986 cum
327 2947 471 3001 specie
503 2947 648 2989 afferri
682 2948 928 3003 potuissent
958 2948 1070 2988 tales
1099 2946 1196 2997 loci,
1227 2945 1375 2998 quales
1411 2941 1615 2985 Matthiae
1652 2942 1701 2983 in

195 3000 349 3048 Graeca
368 3005 657 3062 grammatica
673 3019 718 3063 p.
740 3003 838 3050 756.
860 3006 1060 3062 protulit,
1090 3007 1142 3048 ut
1176 3002 1404 3060 Sophoclis
1431 3002 1478 3044 in
1512 2999 1700 3044 Philoct.
