1838 3164
463 468 467 471 .
543 427 862 503 LECTORI
884 408 1302 474 vinuritis-01:20

865 560 906 609 s,
925 561 975 607 1).
992 604 996 607 ,

405 660 1116 794 LAMBERTUss
1198 674 1654 803 Bossi—

179 1045 263 1112 IN
299 1067 500 1112 omnibus
533 1078 643 1123 pene
680 1064 841 1120 linguis
877 1064 1083 1119 frequens
1113 1066 1181 1107 est
1212 1063 1408 1122 Ellipsis,
1445 1065 1535 1109 sive
1566 1066 1672 1110 talis

174 1139 332 1176 sermo,
363 1128 409 1168 in
436 1138 523 1180 quo
548 1126 648 1179 quis
678 1125 733 1166 ad
765 1134 916 1165 sensus
937 1124 1120 1165 {vv-dmm
1151 1127 1197 1166 et
1223 1123 1528 1178 integritatem
1547 1130 1672 1168 weas-

173 1182 276 1227 bula
294 1185 490 1238 quaedam
510 1180 720 1237 expectat,
751 1194 848 1235 quae
876 1181 1091 1223 familiari
1124 1191 1210 1223 usu>
1236 1185 1315 1223 aut
1334 1182 1540 1237 loquendi
1561 1184 1674 1226 eele-

171 1241 316 1294 ritate,
345 1244 420 1283 aut
435 1241 660 1282 brevitatis
678 1239 822 1281 studio
839 1239 986 1281 omitti
1015 1239 1173 1280 solent.
1200 1236 1205 1269 3
1233 1237 1500 1297 Hujusmodi
1520 1245 1672 1284 autem

173 1300 377 1353 loquendi
424 1299 682 1340 brevitatem
725 1294 913 1354 sectatos
958 1306 1055 1339 esse
1087 1301 1222 1354 quam
1251 1300 1448 1341 maxime
1477 1297 1670 1348 Gfoeeos,

171 1369 197 1398 e
227 1357 402 1411 scriptis
419 1365 567 1398 eorum
584 1357 691 1398 satis
720 1354 870 1409 liquet:⁴
930 1353 1000 1397 Ita
1015 1355 1133 1397 enim
1147 1356 1428 1410 scripserunt,
1457 1359 1509 1398 ut
1523 1358 1672 1399 nullus

173 1413 266 1457 fere
295 1415 354 1456 sit
386 1422 551 1462 versus,
590 1415 636 1455 in
673 1423 758 1467 quo
786 1420 872 1454 non
903 1415 1118 1468 appareat
1151 1414 1423 1470 βραχυλογίας
1457 1407 1670 1464 studium}

172 1472 335 1513 omisso
365 1472 492 1512 modo
524 1479 626 1519 uno,
656 1471 782 1512 modo
815 1465 1000 1519 duobus,
1031 1471 1158 1512 modo
1195 1472 1397 1526 pluribus
1431 1473 1672 1527 vocabulis,-

171 1537 267 1581 quae
285 1530 340 1570 ad
359 1530 532 1583 plenam
556 1529 809 1576 orationem,
839 1528 1083 1582 legitimam
1103 1532 1148 1570 et
1182 1531 1453 1584 analogieam
1485 1528 1674 1574 struem-

172 1597 266 1627 ram
286 1588 526 1628 necessario
544 1587 839 1639 requiruntur.
900 1584 950 1627 Id
981 1587 1111 1640 quod·
1132 1597 1220 1628 non
1252 1595 1407 1643 parum
1426 1589 1674 1632 ornamenti

174 1643 275 1684 huie
293 1644 452 1697 lingum
472 1644 638 1686 adfert:
671 1651 771 1686 nam
782 1647 947 1697 quanto
965 1645 1093 1700 plura
1110 1644 1400 1701 intelligenda
1418 1646 1673 1705 relinquam

173 1703 262 1748 tur,
282 1705 406 1742 tanto
424 1703 619 1743 ornatius
637 1706 680 1744 et
697 1703 939 1755 elegantIus
957 1714 1010 1744 ea
1028 1702 1248 1745 dicuntur.
1309 1703 1604 1746 Veruntamen
1625 1705 1672 1748 hi

174 1758 220 1798 in
238 1759 432 1800 oratione
450 1759 641 1802 defectus
662 1761 801 1808 nobis,
831 1760 908 1814 qui
930 1768 1017 1803 non
1035 1762 1312 1803 vernaculam
1333 1754 1544 1804 habemus
1560 1762 1674 1806 hane

173 1815 382 1869 linguam,
398 1817 472 1858 sed
490 1818 565 1871 qui
585 1823 743 1874 magno
759 1819 908 1860 labore
926 1830 977 1860 ac
996 1818 1140 1860 studio
1160 1819 1354 1873 ejusdem
1372 1820 1681 1873 cognitionem*

174 1873 299 1914 nobiS
329 1881 577 1928 comparare
608 1875 832 1925 debemus,
863 1888 950 1917 non
970 1877 1109 1918 levem
1138 1877 1319 1931 pariunt
1337 1877 1669 1920 difficultatem:

173 1934 218 1971 et
236 1942 321 1983 quo
340 1932 478 1984 major
495 1934 550 1974 sit
571 1945 622 1973 ea
639 1933 828 1983 ἔλλειψις,
848 1943 900 1975 eo
921 1935 1095 1987 gravior
1114 1935 1253 1976 oritur
1271 1931 1519 1977 difficultas.
1536 1934 1674 1978 *Hine

173 1991 254 2035 est,
284 1989 400 2041 quod
421 1990 487 2030 vel
507 1990 787 2031 eruditissimi
815 1989 1097 2046 Interpretes,
1127 1993 1205 2046 qui
1230 2000 1318 2034 non
1335 1990 1444 2034 satis
1471 1997 1674 2048 perspee⁴

141 2088 143 2090 ,
174 2047 267 2085 tum
288 2045 476 2087 habuere
496 2045 539 2087 τὸ
557 2049 627 2090 τῆς
652 2048 860 2096 ἐλλείψεως
892 2050 1111 2106 μυστήριον,
1141 2050 1418 2092 Vehementer
1445 2052 1562 2105 Saepe
1593 2060 1672 2093 ml-

174 2112 308 2150 mero,
339 2104 428 2144 sive
459 2106 504 2145 in
540 2104 892 2155 Commentariis,
922 2107 1012 2149 sive
1045 2108 1091 2148 ln
1112 2105 1397 2150 versionibus
1418 2109 1512 2149 suis
1532 2107 1673 2150 hallu·-

173 2161 307 2202 cinati
331 2162 432 2211 sint,
461 2166 656 2204 eruentes
686 2163 813 2216 longe
835 2165 972 2205 alium
992 2178 1019 2206 a
1037 2176 1169 2220 scopo
1200 2167 1398 2220 ipsorum
1429 2163 1673 2208 Auem-um

174 2230 366 2268 sensum,
396 2223 440 2262 et
458 2233 613 2263 novam
631 2220 760 2276 plane
788 2224 919 2276 atque
940 2223 1186 2264 inauditam
1213 2223 1357 2264 verbis
1387 2221 1554 2264 Graecis
1583 2224 1673 2276 sig-

175 2275 467 2319 nificationem
486 2279 743 2319 tribuentes.
802 2278 873 2320 Sic
895 2280 929 2320 ἐν
949 2282 1058 2334 φιλίᾳ
1089 2278 1326 2336 aliquando
1354 2282 1595 2332 verterunt,
1623 2279 1674 2323 in

175 2331 384 2382 amicitia,
414 2335 489 2376 ubi
510 2335 728 2376 intellecta
747 2348 849 2377 voce
880 2340 936 2391 «γῇ
967 2339 1078 2379 verti
1107 2338 1310 2386 debebat,
1341 2337 1391 2380 in
1404 2343 1580 2396 pacato,
1611 2350 1673 2380 sc.

172 2388 276 2438 solo,
307 2395 350 2432 et
385 2391 447 2432 τὸν
479 2394 685 2445 ἐπιτάφιον,
705 2392 876 2448 funeris
892 2393 1200 2445 laudationem,
1230 2394 1307 2438 ubi
1328 2396 1442 2449 sign.
1468 2394 1676 2454 funeBres

172 2446 312 2495 ludos,
345 2448 406 2489 τὸν
427 2446 617 2502 ἐπιτάφιον
636 2453 776 2498 ἀγῶνα.
832 2449 938 2491 Ἀπὸ
955 2457 1021 2493 τοῦ
1040 2455 1244 2509 κρατίστου
1264 2453 1547 2495 reddiderunt
1567 2464 1672 2495 non-

174 2516 413 2561 nunquam,
444 2520 471 2547 a
501 2519 706 2562 supremo,
738 2520 764 2548 a
789 2507 1094 2562 potentissimo,
1124 2525 1261 2565 quum
1296 2511 1355 2552 sit
1381 2511 1457 2552 ἀπὸ
1489 2516 1556 2553 τοῦ
1583 2529 1673 2566 κρα-

174 2562 320 2612 τίστου,
348 2576 409 2605 sc.
433 2561 573 2614 θυμοῦ,
605 2563 656 2605 ab
677 2564 835 2620 optimo
855 2563 1013 2616 animo,
1045 2569 1089 2609 id
1109 2573 1192 2616 est,
1223 2568 1425 2625 ingenue,
1447 2566 1539 2623 sine
1559 2567 1670 2610 dolo.

172 2617 327 2661 Πάσαις
346 2623 510 2675 κρατεῖν,
541 2634 678 2662 omnes
697 2620 873 2671 vincere,
904 2636 1036 2678 quum
1070 2627 1129 2667 sit
1159 2627 1302 2669 mimas
1331 2627 1476 2680 ψήφοις
1508 2629 1674 2681 κρατεῖν,

172 2675 362 2718 omnibus
397 2678 486 2718 sive
522 2677 806 2721 communibus
841 2679 1011 2723 calculis
1051 2682 1243 2725 obtinere.
1311 2681 1569 2737 eujusmodi
1606 2697 1673 2724 er-

169 2746 306 2782 rores,
338 2747 391 2775 ex
425 2733 629 2789 Ellipsios
660 2737 930 2788 ignoratione
951 2741 1086 2787 ortos,
1116 2753 1193 2781 suo
1213 2742 1307 2783 loco
1326 2742 1473 2795 plures
1493 2740 1673 2782 adnota-

170 2790 328 2832 bimus.
390 2790 532 2832 Nemo
567 2793 718 2844 igitur,
750 2795 823 2848 qui
859 2793 1032 2836 Graecas
1066 2795 1218 2838 Musas
1238 2799 1303 2839 vel
1326 2811 1352 2839 a
1377 2799 1526 2839 limine
1559 2799 1673 2839 salu-

172 2849 297 2896 tavit,
328 2861 413 2890 non
433 2850 562 2900 videt,
595 2863 724 2904 quam
758 2852 935 2903 cognitu
958 2856 1249 2897 necessarium
1282 2858 1342 2904 sit
1362 2856 1582 2898 Arcanum
1603 2855 1675 2897 El-

172 2906 323 2959 lipsios
343 2907 400 2954 ei,
417 2907 492 2959 qui
514 2920 611 2948 cum
634 2908 775 2949 fructu
795 2909 943 2949 literas
960 2908 1133 2953 Graecas
1151 2916 1336 2955 tractare
1355 2914 1486 2955 velit:
1508 2914 1677 2967 absque

172 2975 222 3004 eo
241 2966 358 3006 enim
380 2976 602 3020 nunquam
633 2965 688 3007 ad
722 2965 874 3008 abdita
908 2967 1082 3013 illarum
1114 2970 1340 3014 literarum
1371 2974 1598 3027 penetrare
1629 2983 1676 3013 se
