1838 3164
472 137 798 187 armarant«
815 139 907 187 na
923 139 1273 195 mammas,
1291 147 1357 198 sse.
1570 137 1655 185 207

638 398 1169 463 EPIMET'RON

877 560 935 592 nn

159 657 161 662 ’
192 637 569 722 ἘΑΒῙΟῙΠΒΠΞ
600 676 963 728 QUIBUSDAM
995 670 1335 721 VERBORUM
1368 674 1610 722 FORMIS,

528 810 766 851 SCRIPSI'I'
791 812 872 851 PH.
897 812 970 852 BU
977 805 1289 850 TTMANNUS.

152 1162 306 1226 CUM
355 1183 437 1225 sub
486 1184 616 1226 finem
657 1183 942 1238 praecedentis
982 1183 1291 1224 eruditissimae
1330 1181 1660 1236 disputationis,

147 1238 226 1281 ubi
262 1240 316 1282 de
342 1241 501 1283 formis
540 1242 802 1298 quibusdam
830 1241 1061 1282 verborum
1092 1240 1335 1282 rarioribus
1377 1241 1541 1292 agitur,
1573 1241 1660 1280 mei

148 1304 323 1354 quoque
354 1299 620 1341 mentionem
661 1300 860 1353 injecerit
895 1302 1075 1345 auctor;
1107 1302 1448 1340 consentaneum
1491 1298 1661 1351 putavi,

146 1356 215 1403 ut,
244 1356 319 1411 qui
354 1357 445 1398 haec
463 1359 580 1413 typis
610 1357 859 1398 mandanda
888 1366 1102 1407 curarem,
1133 1357 1286 1397 statim
1316 1355 1388 1397 hic
1417 1355 1523 1411 quid
1551 1354 1661 1396 mihi

147 1410 204 1451 de
242 1413 398 1454 formis
427 1414 514 1454 iliis
536 1415 757 1455 videretur
787 1414 1113 1466 subjungerem.
1173 1412 1442 1455 Notaveram
1471 1412 1663 1467 peculia-

146 1475 241 1510 rem
260 1471 381 1512 verbi
401 1470 514 1526 ῥυγόω
534 1472 651 1527 apud
671 1470 841 1513 Atticos
875 1471 1200 1517 formationem,
1235 1482 1323 1526 qua
1341 1471 1663 1511 contractiones

147 1525 244 1578 qius
274 1538 357 1582 pro
392 1545 435 1568 ov
464 1533 510 1570 et
540 1547 572 1569 οι
606 1529 756 1570 fierent
790 1541 870 1583 per
890 1544 920 1567 ω
950 1532 995 1568 et
1015 1544 1059 1583 ῳ,-
1079 1531 1128 1569 ut
1146 1529 1271 1582 ῥιγῶν,
1312 1529 1403 1583 ῥισγῷ
1420 1533 1532 1569 cet.:
1566 1537 1662 1582 quae

150 1594 253 1624 cum
290 1585 410 1639 apud
448 1583 575 1626 Iones
609 1586 791 1640 perinde
820 1586 1121 1631 inveniantur,
1164 1585 1449 1637 adjunxeram
1495 1583 1585 1626 illis
1615 1585 1662 1625 ln

150 1643 442 1693 grammatica
487 1655 585 1684 mea
622 1655 677 1684 ex
712 1642 907 1695 ejusdem
961 1642 1138 1682 dialecti
1185 1642 1469 1695 scriptoribus
1498 1642 1663 1682 formas

149 1699 271 1740 verbi
313 1697 420 1756 ἱδςόω
460 1699 618 1742 hasce:
674 1699 809 1756 ἱδρῶσαι
837 1698 971 1740 Hom.
1004 1698 1112 1754 ἱδςςίτι
1155 1696 1369 1754 Hippocr.
1442 1697 1499 1739 Et
1527 1709 1665 1754 quan-

178 1764 281 1797 uam
310 1756 358 1797 in
398 1757 544 1799 dorica
573 1757 760 1799 dialecto
798 1762 1040 1799 ceterorum
1082 1756 1215 1796 etiam
1259 1757 1307 1797 in
1338 1757 1387 1795 όω
1429 1756 1662 1797 verborum

169 1824 316 1856 ormas
335 1815 572 1856 nonnullus
602 1826 805 1856 noveram
837 1815 903 1856 ita
934 1816 1171 1867 usurpatas
1201 1814 1418 1860 inveniri3
1449 1813 1754 1857 memora-236

150 1870 240 1912 bile
258 1875 404 1914 tamen
428 1873 537 1914 illud
570 1872 817 1920 videbatur,
846 1873 957 1928 quod
992 1872 1038 1912 in
1059 1871 1204 1912 ionica
1233 1872 1455 1926 atticaque
1474 1871 1661 1914 dialecto

73 1953 78 1959 =
149 1927 243 1970 haec
261 1929 350 1971 duo
366 1934 543 1972 tantum
562 1930 695 1972 verba
712 1931 775 1971 ita
793 1931 918 1971 fuere
936 1930 1143 1977 formata,
1174 1942 1198 1969 e
1228 1929 1387 1970 ceteris
1419 1929 1466 1970 in
1487 1930 1536 1969 όω
1564 1930 1661 1970 nul-

149 1986 256 2028 lum.
313 1984 363 2028 In
386 2001 472 2044 qua
494 2001 541 2029 re
560 1987 831 2030 observanda
866 1999 953 2028 non
979 1986 1285 2039 negligendam
1316 1989 1427 2040 puto
1460 1990 1659 2041 mutuam

150 2042 267 2085 inter
283 2054 332 2086 se
352 2046 585 2088 verborum
604 2047 731 2101 ῥινγόω,
753 2045 874 2101 ἱδρόω,
894 2045 1167 2095 relationem,
1200 2043 1343 2099 qualis
1362 2048 1430 2085 est
1447 2044 1582 2085 etiam
1611 2045 1659 2086 in

149 2099 239 2143 illis
256 2107 406 2157 πεινῆν,
428 2103 560 2159 3145„-
589 2105 721 2158 ῥεύσω,
754 2105 884 2156 χεύσω
902 2105 985 2144 cet.
1016 2101 1071 2142 de
1104 2102 1262 2157 quibus
1292 2101 1440 2142 monui
1468 2102 1523 2143 ad
1545 2101 1659 2143 Plat.

147 2156 285 2214 Gorg.
321 2158 401 2202 Ed.
437 2159 600 2202 Heind.
635 2174 681 2215 p,
718 2160 817 2202 521.
837 2159 982 2214 (adde,
1004 2170 1101 2215 quae
1131 2160 1177 2200 in
1203 2160 1291 2200 fine
1323 2159 1455 2212 huJus
1478 2159 1658 2201 adnota-

145 2217 281 2258 tionis
301 2229 328 2259 a
349 2231 419 2260 me
437 2219 738 2275 adjicientur).
796 2217 898 2260 Jam
926 2217 995 2259 his
1023 2217 1177 2258 formis
1205 2217 1407 2258 admovet
1441 2215 1659 2259 Herman-

147 2287 232 2316 nus
252 2275 352 2318 illas
370 2275 504 2333 βιῴην,
525 2277 663 2333 mciv,
684 2288 772 2318 non
793 2276 959 2329 injuria
977 2276 1184 2322 fortasse,
1218 2276 1256 2316 si
1286 2275 1422 2317 solam
1442 2275 1658 2327 originem

149 2338 350 2399 spectem
382 2334 454 2376 sed
472 2346 603 2375 usum
625 2333 661 2375 si
683 2333 899 2382 consensi,
930 2334 1055 2386 cujus
1072 2333 1117 2373 in
1146 2333 1434 2386 grammatica
1463 2344 1561 2373 mea
1589 2344 1659 2374 raa·

147 2393 315 2431 tlonem
336 2391 619 2446 potissimum
639 2391 788 2441 habui,
824 2391 987 2445 duplex
1005 2394 1203 2431 occurret
1231 2390 1479 2432 diversitas.
1539 2388 1659 2431 Nam

147 2448 341 2502 primum
373 2449 419 2489 in
458 2449 526 2490 his
561 2448 735 2505 quidem
766 2449 911 2490 verbis
939 2453 1097 2503 praeter
1130 2448 1245 2490 hunc
1277 2446 1511 2503 optativum
1540 2447 1658 2503 apud

147 2501 318 2547 Atticos
338 2510 383 2548 et
403 2502 530 2548 Iones
566 2506 675 2549 nihil
713 2507 963 2560 hujusmodi
999 2506 1210 2556 invenias,
1245 2518 1461 2561 nusquam
1489 2508 1560 2562 βιῷ
1577 2513 1658 2560 pro

144 2564 236 2610 βιοῖ,
260 2572 474 2620 nusquam
502 2567 638 2616 βιῶσαι,
675 2576 816 2620 neque
845 2577 926 2618 pro
943 2568 1045 2612 βιοῦν
1074 2575 1256 2619 usquam
1275 2567 1379 2612 βιῶν,
1438 2564 1526 2604 uod
1552 2564 1658 2606 solis

146 2618 342 2662 Doribus
361 2626 430 2665 est
450 2622 782 2677 relinquendum
801 2636 811 2669 ;
843 2622 999 2663 deinde
1029 2634 1119 2663 non
1155 2621 1388 2662 adhibetur
1410 2573 1517 2663 qma
1534 2625 1656 2675 opta-

146 2676 226 2718 tivi
246 2677 405 2727 forma,
438 2679 522 2720 nisi
553 2677 631 2721 ubi
660 2679 709 2720 in
729 2680 885 2721 ceteris
905 2680 1076 2721 obtinet
1093 2679 1302 2721 formatio
1319 2690 1417 2731 quae
1451 2690 1479 2719 a
1512 2690 1656 2732 gram-

123 2732 317 2778 'maticis
345 2736 508 2778 dicitur
537 2737 583 2778 in
624 2752 698 2785 μιε
733 2737 798 2779 ita
830 2737 967 2793 γνᾴην,
997 2738 1112 2793 βιῲην
1140 2737 1361 2792 pertinent
1392 2736 1449 2777 ad
1476 2737 1655 2777 aot-istos

139 2793 282 2842 ἐ’Ὺνων,,
302 2800 450 2843 γνῶναι,
482 2796 606 2843 ἐβίων,
637 2799 781 2843 βιῶναι,
813 2809 908 2852 quae
927 2801 1030 2836 sunt
1047 2796 1201 2838 formae
1216 2796 1542 2848 conjugationis
1558 2805 1654 2848 syn-

138 2849 307 2905 copatae
329 2853 419 2893 sive
438 2853 484 2893 in
503 2867 548 2900 μι
567 2864 578 2900 ;
610 2864 826 2909 nusquam
846 2866 947 2895 vero
966 2852 1162 2894 invenias
1181 2852 1329 2908 δπλᾴνην
1346 2865 1427 2907 pro
1448 2851 1598 2893 δηλοίη
1628 2864 1656 2892 a

140 2907 275 2949 verbo
287 2908 478 2953 ’δῆλόωετ
500 2909 731 2952 similibus.
792 2909 911 2958 Quin
944 2910 1078 2952 etiam
1098 2911 1213 2952 ratio
1242 2914 1339 2952 erat
1373 2922 1450 2951 cur
1470 2909 1536 2950 hae
1565 2909 1655 2950 for-

140 2972 224 3008 mae
243 2964 380 3023 γνῴην,
402 2968 519 3021 eadam
538 2969 897 3014 commendarent
925 2980 974 3013 se
993 2969 1155 3012 Atticis
1179 2979 1270 3026 prae
1289 2968 1367 3010 illo
1397 2966 1508 3023 δῲπι,
1537 2966 1654 3024 quod
