1838 3164
455 172 771 215 PLEONASMI
797 171 1314 213 SUBSTANTIVORUM.
1566 167 1573 175 ”
1587 165 1647 215 33

122 285 333 340 alibique,
366 292 506 330 causae
524 301 656 343 porro
688 287 846 340 aliquae
866 290 1051 341 possunt
1069 286 1248 340 requiri.
1308 282 1395 326 Eas
1412 287 1631 340 persecuti

123 355 274 386 sumus
291 346 338 386 in
358 344 473 398 Isag.
495 343 536 401 ξ.
564 345 628 387 15.
649 360 688 387 e.

179 399 219 442 2.
250 400 301 444 In
332 403 575 457 periphrasi
594 402 689 458 φρὴν
707 402 927 456 gravitate
960 415 1046 444 non
1080 406 1228 450 caret3
1258 405 1310 443 ut
1339 403 1383 442 οὐ
1401 402 1533 455 φρένας
1548 399 1626 440 ,Αἱ-

121 455 411 556 31'565'owm2‘3'.
472 457 624 514 Odyss.
654 459 711 501 A.
744 459 816 501 42.
852 466 898 501 et
931 462 1099 515 ’γέροντος
1133 458 1228 515 φρὴν
1264 457 1390 501 Pind.
1413 456 1542 511 Pyth.
1564 457 1627 499 vi.

122 613 131 619 -
165 611 171 615 -
747 590 1011 634 ΚΛΗΡΟΣ.

178 663 346 709 Vacare
384 667 465 709 hoc
497 667 671 710 videtur
708 667 966 721 adjunctum
1004 667 1144 710 verbo
1164 666 1393 720 λαγχάνειν,
1429 665 1544 706 sicut
1583 666 1631 705 et

121 723 261 774 πάλος,
290 729 340 766 ut
366 723 567 779 'AEschyL
606 724 784 780 Septem
824 740 863 767 c.
899 724 1037 767 Theb.
1075 724 1145 766 55.
1180 738 1214 766 s.
1253 727 1302 765 ὡς
1339 724 1459 779 πάλῳ
1490 721 1633 788 λαχὼν

122 778 279 831 ἕκαστος
297 784 422 824 αὐτῶν
452 783 543 838 πρὸς
561 785 693 823 πύλας
715 781 798 831 ἄγοι
818 784 964 837 λόχονε
995 788 1041 825 et
1073 780 1273 837 Xenoph.
1310 779 1446 822 Mem.
1481 781 1549 840 ili.
1584 777 1631 825 9,

114 831 191 878 ἹΟ.
221 837 309 880 τοὺς
335 840 465 896 κλήρῳ
497 840 710 893 λαχόντ’ἀς.
770 839 855 881 Sed
891 842 1071 882 verbum
1100 842 1316 894 λὰγχάνειν
1346 838 1463 880 haud
1498 837 1630 878 dubie

119 905 210 936 non⁴
242 898 609 951 complectebatur
644 899 701 939 ab
736 898 866 939 initio
896 899 1114 953 duplicem
1152 899 1391 944 notionem,
1424 899 1474 938 ut
1512 897 1631 960 esset

119 950 325 1008 accipere,
347 959 392 995 et
411 962 520 997 sorte
538 955 715 1008 quidem
736 955 938 1012 accipere,
967 957 1043 997 sed
1064 957 1308 1009 simplicem
1331 955 1523 996 habebat
1542 964 1634 1004 sig-

119 1009 415 1052 nificationem
456 1018 523 1055 τοῦ
561 1014 787 1061 λαμβάνειν,
830 1011 1084 1069 accipiendi.
1147 1011 1256 1054 Haec
1291 1012 1483 1054 occurrit
1513 1009 1638 1077 apud

119 1065 361 1110 Homerum
397 1072 442 1110 et
476 1070 587 1112 alios
627 1071 1036 1123 antiquissimorum
1076 1071 1339 1125 scriptorum
1378 1068 1640 1124 saepismme.

112 1119 273 1179 'Itaque
293 1127 331 1168 si
361 1127 461 1181 quis
493 1133 608 1169 sorte
639 1129 809 1180 aliquid
843 1129 1061 1183 accepisse
1101 1129 1347 1175 dicebatur,
1386 1126 1635 1169 necessario

102 1181 364 1225 ‘addendum
394 1189 490 1226 erat
522 1185 652 1241 κλήρῳ
685 1190 764 1226 aut
799 1186 934 1242 λάχῳ.
993 1185 1079 1227 Sed
1110 1199 1210 1227 cum
1230 1198 1337 1226 usus
1355 1186 1546 1231 tulisset,
1582 1186 1635 1224 ut

119 1238 228 1280 illud
247 1242 428 1283 verbum
444 1247 679 1295 poneretur
689 1243 879 1283 maxime
893 1244 947 1284 de
963 1244 1093 1284 rebus
1112 1240 1263 1285 sortito
1280 1241 1635 1294 obtingentibus‚

117 1307 306 1350 pronum
327 1298 430 1345 fuit,
461 1303 512 1339 ut
541 1300 820 1340 omitteretur
854 1300 948 1341 fere
968 1314 1144 1347 nomen,
1178 1304 1223 1340 et
1244 1303 1294 1340 ut
1314 1311 1430 1346 raro,
1465 1310 1517 1339 ac
1536 1300 1635 1339 tan-

117 1355 345 1396 tummodo
365 1356 442 1396 ubi
463 1368 634 1396 summa
655 1357 826 1410 ἀκριβείᾳ
846 1370 957 1410 opus
977 1370 1072 1398 esse
1093 1357 1334 1405 videretur,
1365 1357 1486 1410 πάλῳ
1503 1354 1637 1396 adde-

119 1414 240 1452 retur
259 1419 337 1454 aut
355 1412 499 1468 κλήρῳ.
562 1411 635 1453 Sic
670 1418 715 1454 et
736 1411 883 1453 AEsch.
918 1419 1074 1455 contra
1106 1412 1301 1468 Ctesiph.
1339 1426 1378 1454 c.
1407 1412 1442 1453 l.
1462 1413 1523 1460 ei,
1556 1413 1635 1466 qui

119 1479 206 1509 non
222 1470 346 1522 Justa
365 1470 598 1511 sortitione
618 1470 692 1511 sed
714 1470 872 1511 callida
890 1472 1062 1512 ratione
1080 1471 1253 1527 πρόεδρος
1274 1471 1421 1512 factus
1444 1474 1527 1519 est,
1558 1483 1639 1525 op-

118 1527 299 1580 ponitur
317 1527 373 1576 is,
391 1528 464 1581 qui
485 1526 600 1569 ’ὄντως
619 1528 738 1583 λάχῃ
759 1531 1010 1583 κληρούμενος
1028 1528 1268 1585 προεδρεύειν.

770 1642 991 1686 ΛΗΡΟΣ.

177 1721 228 1765 In
249 1723 442 1766 formula
461 1727 571 1780 λῆρον
586 1727 711 1781 ληρεῖν
733 1738 891 1767 nornen
913 1726 1112 1768 abundat
1130 1738 1228 1769 cum
1246 1728 1481 1782 gravitate..
1517 1728 1636 1771 Nam

120 1782 325 1835 analogia
363 1783 473 1830 vult,
504 1796 591 1824 non
625 1783 883 1837 simpliciter
915 1796 1010 1825 esse
1050 1785 1079 1825 i.
1115 1797 1159 1838 q.
1204 1790 1347 1841 ληρεῖν,
1377 1787 1454 1827 sed
1487 1786 1639 1844 plane,

114 1852 291 1896 prorsus
316 1841 410 1882 sive
429 1838 689 1887 vehenoenter
709 1838 909 1882 delirare.
941 1839 1040 1882 Vid.
1062 1839 1176 1896 Isag.
1197 1841 1239 1899 ξ.
1267 1843 1332 1885 15.
1354 1856 1397 1886 a.
1417 1850 1533 1887 extr.

768 1938 991 1983 ΛΟΓΟΣ.

118 2063 121 2066 .
178 2018 348 2065 Passim
369 2023 557 2065 occurrit
590 2025 716 2072 λύγοις
748 2022 907 2071 πείθειν,
936 2027 981 2065 et
1010 2024 1133 2078 justo
1163 2026 1342 2078 quidem
1361 2029 1635 2082 pleonasmo‚

119 2083 172 2121 ut
189 2077 321 2134 Soph.
344 2079 531 2122 Philoct.
561 2079 660 2122 602.
698 2095 752 2122 ss.
810 2080 996 2136 Josephi
1024 2081 1240 2125 Archaeol.
1271 2084 1361 2127 xiv,
1401 2083 1464 2127 19.
1495 2089 1635 2129 πείσας

136 2139 146 2152 ’
196 2139 296 2193 υςίῳ.
359 2137 446 2180 Sed
475 2139 573 2180 loca
606 2140 732 2193 plura
765 2151 851 2180 non
877 2140 973 2192 Jam
995 2152 1173 2194 possum
1194 2144 1440 2185 ostendere.
1502 2144 1636 2199 Apud

121 2153 462 2246 {gnophontem
493 2194 595 2250 Cyri
631 2195 751 2237 Disc.
790 2197 817 2237 i.
853 2196 897 2244 5,
930 2196 973 2238 3.
1005 2199 1125 2239 nulla
1158 2200 1405 2253 pleonasmi
1442 2204 1637 2257 suspicio

120 2264 215 2292 esse
235 2257 411 2307 potest;
443 2266 521 2295 nec
542 2266 615 2308 ap.
636 2253 782 2308 Polyb.
804 2252 1181 2308 Excerpt-legatt.
1223 2257 1316 2299 115.
1355 2259 1432 2299 ubi
1469 2261 1532 2302 sic
1567 2261 1634 2303 di-

118 2309 258 2350 citur:
291 2313 437 2351 τούτοις
469 2312 538 2359 μὲν
567 2310 625 2352 οὖν
655 2314 733 2352 τοῖς
762 2312 889 2359 λόγοις,
918 2310 1088 2353 πεισθεὶς
1122 2315 1140 2353 ὅ
1168 2315 1340 2370 νεώτερος
1359 2315 1633 2366 Πτολεμαῖος.

120 2363 207 2419 Sed
242 2368 319 2412 ubi
355 2368 464 2410 illud
483 2369 700 2418 absolute,
736 2369 830 2410 sine
864 2369 1085 2421 adjectivo
1121 2375 1197 2412 aut
1218 2374 1490 2426 pronomine,
1524 2389 1565 2417 v.
1587 2390 1628 2419 c.

118 2427 293 2471 πολλοῖς,
315 2428 508 2472 τοιούτοις,
530 2429 689 2478 τούτοις,
709 2430 792 2467 etc.
815 2426 996 2474 dicitur,
1016 2428 1254 2470 tenendum
1270 2434 1352 2479 est,
1372 2431 1516 2474 πείθειν
1542 2446 1632 2476 non

119 2480 259 2521 solum
278 2493 372 2522 esse
391 2482 527 2524 verbis
540 2482 812 2538 persuadere,
845 2484 920 2524 sed
946 2486 1127 2526 omnino
1151 2499 1413 2542 permovere,
1446 2491 1537 2533 sive
1555 2492 1635 2533 fiat

121 2537 268 2588 minis,
289 2539 381 2579 sive
399 2541 643 2593 promissis,
663 2543 756 2582 sive
775 2541 918 2582 donis.
977 2540 1076 2583 Vid.
1094 2542 1296 2599 Xenoph.
1331 2544 1468 2589 Mem.
1502 2549 1550 2590 ii.
1597 2549 1637 2598 l,

113 2593 193 2641 .13,
214 2602 259 2637 et
279 2596 345 2637 iii.
373 2596 437 2648 ll,
463 2596 524 2637 15.
546 2602 590 2639 et
606 2596 717 2638 Plat.
737 2599 821 2638 vol.
844 2611 883 2639 V.
902 2612 946 2653 p.
968 2599 1062 2640 178.
1077 2601 1152 2642 ubi
1168 2602 1233 2643 dr.
1251 2605 1311 2644 ἐπ’
1325 2605 1480 2646 ἐκείνους
1501 2606 1636 2655 ἴωμεν,

119 2651 184 2691 καὶ
198 2651 392 2701 πείθωμεν
413 2654 438 2698 ἢ
455 2654 577 2708 δώροις
594 2654 619 2699 ἢ
640 2656 788 2709 χάρισιν
807 2658 889 2697 etc.
920 2656 1022 2698 Alia
1041 2659 1136 2699 loca
1155 2661 1408 2714 suppeditat
1427 2660 1639 2718 Xenoph-

116 2709 263 2751 index.
294 2709 446 2763 Itaque
481 2712 527 2752 In
556 2712 769 2765 ejusmodi
802 2713 909 2755 locis
929 2715 1152 2757 subtilitas
1186 2718 1328 2771 poscit
1361 2720 1499 2769 λόγοις.
1562 2720 1634 2763 Cf.

119 2765 236 2808 infra
256 2769 362 2809 {adm
983 2808 986 2809 γ

120 2856 129 2862 .
177 2822 218 2864 2.
250 2824 454 2866 Occurrit
481 2826 599 2880 apud
636 2825 906 2870 Herodotum
947 2831 997 2871 ὣς
1026 2833 1139 2872 εἰπεῖν
1173 2832 1294 2889 λόγῳ,
1326 2834 1374 2875 ἰί.
1402 2834 1471 2876 37.
1534 2834 1634 2878 Hoc

120 2880 252 2952 plane
272 2883 424 2925 eodem
444 2895 574 2926 sensu
604 2885 770 2927 dictum
800 2887 990 2936 videtur,
1018 2901 1106 2942 quo
1140 2891 1190 2930 ὣς
1220 2891 1311 2932 ἐ’τος
1340 2893 1469 2933 εἰπεῖν.
1530 2892 1633 2935 Vid.

88 2957 91 2960 ·
123 2952 222 2982 επος.
1599 2971 1604 2975 ·

1318 3066 1404 3108 *D
