1838 3164
215 123 298 174 108
587 118 910 176 PLEONAs'm
935 130 1359 177 AnvsRmoin.

840 290 842 294 ’
892 282 1040 328 ΠΟΥ.

276 365 311 408 1.
340 365 408 410 De
428 367 507 410 hoc
527 365 716 411 Budaeus
741 367 987 411 Comment.
1021 366 1100 410 Gr.
1123 367 1169 410 L.
1202 382 1247 423 p.
1276 367 1398 411 1299.
1433 375 1464 396 “
1486 367 1660 414 Dicitur
1677 374 1724 413 et

210 428 241 452 “
264 422 303 465 δέ
324 441 379 466 τοι
398 430 443 468 et
463 425 502 466 δέ
521 442 610 468 που.
671 425 797 468 Plato
818 427 864 467 in
886 424 1021 479 Gorg.
1045 424 1139 467 ''IS't
1157 426 1221 474 δὴ,
1254 425 1280 468 ἃ
1302 427 1366 468 καὶ
1385 427 1478 483 «πρὸς
1496 427 1627 470 τούσδε
1648 428 1723 478 ἐγὼ

209 487 242 510 “
263 483 410 532 ἔλεγον,
441 483 712 533 διομολόγησαί
729 501 810 533 μοι,
840 485 870 524 εἰ
891 482 965 538 ἄρα
983 482 1091 534 ’ἔδοξα
1112 485 1199 525 τότε
1221 483 1355 529 ἀληθῆ
1375 487 1512 534 λέγειν.
1552 483 1725 536 ”Ελ”ε·γον

210 545 241 567 “
263 537 304 581 δέ
323 556 418 590 που,
447 541 505 583 ὅτι
522 541 547 585 ἦ
568 542 637 590 μὲν
657 540 915 590 ὄψοποιητικῆ
944 540 988 582 οὔ
1014 558 1079 590 μοι
1114 541 1216 583 δοκεῖ
1241 545 1364 595 τέχνη
1399 540 1503 584 εἶναι·
1536 543 1620 585 ἀντὶ
1653 548 1723 587 τοῦ

209 605 242 626 “
265 599 393 647 ἔλεγον
413 597 467 640 δέ.
524 597 604 640 Est
623 599 741 641 enim
762 614 836 640 που
857 598 1076 640 interdum
1098 599 1224 654 ἀργὸν,
1253 603 1304 641 ut
1323 598 1387 652 δὴ,
1414 603 1460 642 et
1489 618 1553 650 γε,
1583 604 1629 646 et
1647 617 1722 648 τοι,

208 661 241 682 “
264 658 309 697 et
326 654 421 705 μὴν,
452 659 497 698 et
517 655 608 698 <233²
666 655 775 698 Haec
799 657 888 698 ille.
946 655 1049 704 Sed,
1079 657 1238 699 ceteris
1272 659 1432 709 missis,
1463 659 1626 701 rectius
1655 657 1723 698 di-

207 726 373 761 cemus,
393 729 468 755 που
484 715 558 756 illo
578 715 672 756 loco
691 713 885 769 (Bipont.
906 714 990 755 vol.
1011 714 1068 756 iv.
1087 727 1131 768 p.
1159 713 1272 771 117.)
1294 714 1536 768 significare
1556 713 1723 771 opinor.

205 771 310 815 Non
332 774 388 813 ut·
399 772 691 814 certissimum
712 772 898 814 affirmat
916 771 979 818 S..
1009 785 1056 812 se
1079 772 1185 812 illud
1205 772 1258 814 de
1278 773 1402 821 ὂψοπ.
1433 774 1615 822 dixisse,
1645 772 1723 815 sed

204 833 380 872 tantum
421 829 662 881 existimat,
710 832 749 871 si
788 833 904 871 recte
939 830 1200 871 meminerit.
1276 829 1392 872 Nam
1426 833 1565 874 multo
1600 835 1721 880 ante,

204 901 249 943 p.
271 886 344 930 40.
377 900 415 929 s.
447 887 555 928 illud
576 888 955 942 pronuntiaverat.
1015 886 1151 928 Addit
1173 885 1224 927 B.
1260 889 1350 929 alia
1377 886 1576 931 Platonis
1606 889 1720 935 loca,

205 946 295 988 vol.
318 945 379 986 vi.
410 957 454 998 p.
478 943 577 986 207.
610 949 655 986 et
681 943 780 986 234.
841 944 1006 987 Prioris
1037 945 1170 987 verba
1201 946 1509 987 transcribam.
1567 943 1622 987 Τι’
1651 944 1720 992 δές

205 1002 226 1044 ὃ
244 1003 341 1045 αὐτό
361 1019 404 1048 τε
424 1004 543 1044 αὑτοῦ
563 1004 676 1058 χάριν
697 1005 910 1052 ἀγαπῶμεν
930 1002 994 1043 καὶ
1021 1007 1096 1044 τῶν
1115 1004 1184 1044 ἀπ’
1205 1005 1324 1044 αὐτοῦ
1342 1006 1559 1055 γενομένων,
1581 1002 1658 1045 οῖον
1671 1000 1727 1044 αὖ

204 1060 250 1102 τὸ
269 1063 422 1117 φρονεῖν,
452 1059 516 1100 καὶ
547 1059 592 1101 τὸ
621 1062 705 1116 ὁρᾷν
724 1060 788 1101 καὶ
818 1060 863 1115 τὸ
898 1062 1097 1109 ὖγιαίνεινς
1129 1060 1182 1101 ταὶ
1199 1060 1275 1115 ’γάρ
1295 1061 1457 1103 τοιαῦταί
1485 1077 1559 1102 που
1578 1059 1622 1101 δι’
1639 1063 1722 1109 ἀμ-

201 1119 343 1173 φότερα
363 1116 638 1172 ἀσπαζόμεθα.
699 1116 787 1160 Hic
817 1118 926 1160 illud
959 1118 1103 1172 ipsum
1136 1116 1288 1173 opinor
1317 1118 1598 1173 interpretari
1621 1131 1722 1174 pos·

201 1189 367 1218 sumus.
427 1174 650 1217 Nimirum
670 1191 744 1218 που
763 1176 940 1231 proprie
967 1174 1052 1217 loci
1081 1173 1235 1217 incerti
1254 1176 1623 1230 significationem
1646 1176 1723 1217 ha-

201 1234 291 1276 bet.
351 1231 456 1276 Inde
490 1234 545 1274 ad
575 1246 662 1275 rem
696 1232 901 1276 incertam
930 1234 1195 1275 translatum
1229 1236 1305 1274 est.
1368 1232 1454 1275 Sed
1481 1232 1720 1277 tenendum

201 1296 284 1340 est,
328 1303 408 1345 per
442 1291 630 1333 ironiam
670 1305 820 1334 rursus
853 1291 907 1333 de
940 1304 987 1333 re
1023 1296 1137 1333 certa
1168 1288 1430 1346 minimeque
1464 1288 1598 1333 dubia
1630 1290 1720 1334 dici

199 1348 403 1405 coepisse,
433 1353 484 1391 ut
503 1346 709 1404 Xenoph.
733 1348 809 1391 Hi.
830 1362 875 1391 x.
893 1348 936 1391 4.
998 1347 1100 1390 Vid.
1120 1346 1235 1401 Isag.
1258 1350 1296 1404 ᾖ.
1326 1347 1390 1389 19.
1421 1347 1575 1390 Nostri
1597 1347 1721 1402 simi·

197 1407 300 1450 liter
316 1406 370 1448 de
389 1420 435 1449 re
454 1416 636 1461 prorsus
655 1407 911 1460 explorata:
945 1404 1036 1447 Der
1062 1403 1382 1462 Unzufriedene
1408 1404 1464 1446 ist
1493 1404 1598 1448 doch.
1615 1404 1724 1447 wohl

199 1461 372 1507 allezeit
394 1477 518 1511 ann,·
549 1466 630 1505 etsi
666 1463 774 1506 wohl
799 1465 963 1506 usitate
992 1463 1154 1505 dicitur
1182 1475 1263 1516 pro
1296 1460 1524 1504 vielleiclzt.
1586 1461 1721 1504 Plura

198 1522 460 1577 scriptorum
481 1522 574 1563 loca
606 1522 737 1563 facile
766 1534 822 1562 ex
855 1521 1075 1562 indicibus
1106 1525 1151 1562 et
1183 1520 1363 1562 aliunde
1387 1525 1528 1575 petes.
1591 1518 1717 1562 Nihil

197 1579 316 1621 enim
335 1583 417 1627 est,
448 1579 566 1634 apud
585 1577 757 1621 Atticos
773 1579 995 1632 inprimis,
1014 1578 1305 1630 frequentius.

255 1637 300 1679 2.
327 1635 430 1678 Vim
447 1638 578 1678 etiam
599 1636 853 1678 intendendi
876 1636 968 1677 haec
997 1635 1216 1689 particula
1236 1634 1385 1683 habet,
1415 1634 1589 1688 adjecta
1607 1647 1650 1675 v.
1671 1647 1717 1688 g.

198 1700 253 1736 τῶ
273 1693 428 1750 Πόῤῥω.
461 1694 632 1736 Zosim.
654 1694 700 1734 ii.
729 1693 764 1735 l.
793 1690 980 1747 Τάραντοέ
1001 1710 1042 1733 τε
1063 1692 1137 1747 ’γὰρ
1167 1692 1298 1747 ’ωὸῤῥω
1329 1707 1404 1733 που
1434 1694 1504 1736 τῆς
1534 1690 1719 1732 Ἰταλίας

194 1738 303 1799 εἶναι,
344 1750 566 1794 Tarentum
599 1750 714 1793 enim
746 1751 795 1792 in
823 1749 1070 1807 longissime
1101 1754 1264 1791 remota
1290 1757 1420 1805 parte
1441 1747 1583 1791 Ita-lice
1613 1761 1715 1791 esse.

196 1809 321 1852 Adde
342 1809 399 1851 iv.
426 1808 493 1851 19.
515 1813 560 1851 et
577 1807 647 1851 34.
669 1813 712 1851 et
730 1808 801 1850 35.
823 1809 900 1850 ubi
921 1807 1098 1863 proprie
1118 1807 1172 1848 de
1193 1808 1338 1861 spatio
1358 1808 1466 1850 locis
1484 1807 1717 1861 interjecto

194 1867 376 1914 dicitur,
407 1870 458 1909 ut
476 1871 521 1909 et
541 1867 748 1924 deinceps
771 1866 951 1923 passim.
983 1866 1071 1908 Sed
1091 1863 1293 1921 Xenoph.
1325 1863 1464 1908 Mem.
1486 1865 1555 1908 iii.
1577 1863 1621 1914 5,
1646 1862 1713 1906 15.

194 1926 303 1969 item
322 1924 634 1981 metaphorice.

901 2015 1009 2057 ΠΩ.

251 2097 318 2140 Ex
350 2099 431 2142 hoc
459 2099 752 2155 compositum
781 2100 936 2141 πώποτε
976 2097 1236 2140 Eustathius
1267 2098 1321 2140 ad
1355 2095 1484 2140 Iliad.
1519 2094 1711 2139 A.›154.

193 2161 321 2199 vocat
354 2158 772 2213 παραπληρωματικόν.
832 2155 919 2198 Sed
954 2169 1040 2198 non
1071 2157 1305 2198 obscurum
1339 2160 1419 2199 aut
1453 2155 1715 2206 ambiguum

194 2219 263 2257 est
291 2230 368 2267 πω,
400 2219 451 2257 ut
489 2218 601 2258 istuc
632 2214 977 2268 confugiendum
1011 2215 1085 2255 sit.
1155 2211 1386 2267 Significat
1428 2213 1469 2268 1)
1499 2211 1714 2259 kactenus,

194 2272 288 2314 sive
316 2285 451 2330 usque
471 2272 530 2316 ad
547 2272 656 2315 hunc
670 2273 840 2320 locum;
876 2271 923 2327 2)
952 2270 1105 2318 adhuc,
1137 2273 1229 2313 sive
1260 2284 1394 2328 usque
1423 2269 1482 2312 ad
1505 2268 1585 2312 hoc
1613 2275 1713 2310 tem·

186 2334 300 2385 pus,·
330 2335 376 2372 et
394 2335 631 2385 cognatum
650 2344 740 2373 esse
760 2333 887 2387 patet
920 2342 1019 2372 cum
1039 2345 1113 2370 που
1145 2333 1188 2370 et
1221 2344 1294 2370 ποι.
1362 2326 1567 2370 Fortasse
1601 2326 1714 2368 dati-

192 2401 273 2430 vus
300 2392 368 2430 est
396 2390 490 2431 sive
518 2389 738 2431 ablativus
768 2389 992 2440 antiquuS‚
1028 2387 1142 2428 sicut
1161 2401 1240 2434 ποι,
1271 2385 1343 2427 sed
1370 2385 1606 2440 peculiaris
1626 2384 1715 2425 for·

192 2457 293 2493 mae,
323 2458 455 2499 quam
477 2448 518 2489 ei
538 2447 750 2488 dederunt
778 2449 957 2501 propter
974 2445 1211 2487 discrimen
1231 2443 1582 2497 significationis.
1642 2440 1714 2483 Ad

191 2503 336 2546 locum
371 2509 416 2547 et
445 2505 757 2551 conditionem,
789 2506 833 2546 in
867 2516 956 2558 qua
983 2516 1051 2544 res
1085 2505 1166 2554 est,
1194 2501 1381 2543 refertur
1416 2501 1533 2556 apud
1566 2498 1713 2541 Plato·

191 2573 294 2603 nem
312 2562 399 2603 vol.
420 2563 479 2603 vi.
497 2576 540 2617 p.
561 2561 661 2604 233.
722 2561 770 2603 Si
801 2563 1008 2614 frequens
1029 2563 1145 2602 esset
1163 2561 1376 2613 πολίχνιον,
1405 2558 1459 2600 de
1491 2570 1590 2612 quo
1611 2569 1712 2600 con-

190 2618 335 2660 dendo
354 2619 599 2675 disputant,
631 2621 850 2662 artificum
871 2631 1031 2672 magno
1051 2630 1248 2667 numero,
1278 2620 1345 2658 οῠκ
1377 2614 1422 2657 ἄν
1454 2631 1516 2657 πω
1547 2616 1647 2656 πάνυ
1666 2631 1712 2662 γε

190 2677 298 2725 μέγα
318 2692 354 2716 τι
375 2676 460 2719 sl'n:
495 2677 554 2718 ad
586 2677 697 2719 hunc
734 2677 870 2719 locum
900 2679 1012 2729 (sive
1047 2673 1352 2727 conditionem,
1385 2674 1450 2715 vel
1481 2686 1529 2715 eo
1558 2672 1709 2727 usque)

183 2740 389 2790 provecta
415 2733 566 2776 civitas
583 2748 686 2777 sane
703 2749 790 2777 non
819 2740 923 2776 esset
942 2733 1114 2776 omnino
1132 2731 1349 2774 luculenta
1368 2737 1409 2773 et
1428 2729 1554 2772 valde
1571 2727 1709 2783 insig-

188 2790 271 2832 nis.
331 2790 417 2832 Sed
435 2805 568 2844 quam
598 2794 840 2847 saepissime
873 2797 1047 2846 tempus
1081 2794 1181 2831 ante
1217 2794 1363 2831 actum
1394 2788 1626 2840 significat,
1656 2790 1722 2828 ut.

190 2849 239 2890 in
260 2849 337 2891 illo
355 2851 529 2897 πώποτε,
561 2857 686 2892 antea
704 2862 907 2907 unquam,
929 2850 975 2890 in
997 2850 1120 2896 μήπω
1140 2861 1193 2889 ne
1212 2845 1365 2895 adhuc,
1395 2850 1440 2886 et
1461 2845 1581 2891 οὔπω,
1603 2856 1710 2885 non-

190 2905 294 2949 dum
311 2910 395 2950 etc.
452 2906 569 2950 Nam
590 2909 616 2948 l.
642 2909 667 2949 l.
690 2910 771 2950 etsi
798 2910 866 2949 οὐκ
896 2905 940 2949 ἄν
971 2922 1032 2948 πω
1062 2907 1167 2948 item
1200 2905 1308 2947 verti
1342 2906 1490 2960 potest
1521 2901 1708 2943 nondum

188 2977 306 3017 sane,
336 2969 486 3012 tamen
515 2965 570 3010 de
599 2970 796 3023 tempore
825 2978 913 3011 non
941 2969 1009 3009 est
1037 2977 1205 3009 sermo:
1238 2963 1311 3006 sed
1344 2966 1390 3006 et
1419 2973 1495 3018 ap.
1529 2958 1709 3004 Latinos
