1838 3164
187 156 265 195 xxii
653 150 938 196 PRAEFATIO
966 145 1238 192 LEISNERI.

191 274 396 317 dentibus
413 274 728 330 supprimitun
760 287 841 329 pro
870 271 1096 314 infinitivis
1116 273 1262 311 autem
1281 265 1330 308 in
1347 265 1562 322 ejusmodi
1580 266 1696 311 lom-

190 332 385 374 tionibus
406 331 581 375 Graecos
600 328 848 387 frequenter
881 331 1015 372 etiam
1044 329 1108 368 uti
1137 325 1393 380 participiis.
1453 325 1698 372 Quadam

189 390 388 443 pluribus
408 391 502 443 agit
520 391 701 432 Jensius
721 389 839 431 Lect.
858 386 961 429 Luc.
985 387 1012 427 i.
1035 385 1076 426 7.
1096 398 1138 438 p.
1161 382 1231 425 72.
1252 397 1320 438 sq.
1621 415 1624 419 ,

200 467 203 470 >
245 445 371 488 Nihil
392 448 585 501 ambigo,
621 460 694 489 eos
715 448 849 488 etiam
870 446 1030 496 fingere
1050 443 1240 495 ellipses,
1269 442 1365 495 qni,
1394 441 1471 483 ubi
1493 440 1700 484 nomim-

187 503 268 545 tivi
295 505 485 547 absoluti
515 508 762 551 occurrunt,
799 504 861 544 ibi
895 502 1039 542 deesse
1060 500 1243 541 verbum
1272 499 1602 542 substantivum
1628 498 1696 540 dt-

185 565 304 602 cunt.
364 561 573 617 Exemplo
594 563 652 603 sit
670 562 789 603 locus
811 558 969 600 Eccles.
991 558 1039 599 ii.
1067 555 1133 597 16.
1164 555 1222 597 Αἱ.
1238 557 1374 612 ἡμέραι
1397 558 1620 612 ἐρχόμεναι,
1641 555 1700 598 τὸ

183 618 316 659 πάντα
335 619 549 664 ἐπλήσθη.
572 621 599 660 i.
620 633 659 660 e.
680 617 840 675 futuro
860 621 1040 671 tempore
1061 612 1206 656 omnia
1226 613 1440 659 oblivioni.
1453 614 1701 657 traduntura

184 671 271 717 Hic
290 677 519 719 substituit
539 678 717 718 verbum
739 675 832 719 ἦσαν
852 672 1006 715 Lamb.
1030 670 1136 720 Bos,
1165 674 1215 713 ut
1233 673 1292 728 sit
1309 686 1320 713 :
1354 674 1393 717 αἱ
1421 673 1560 728 ἡμέραι
1580 673 1699 727 ἐρχόκ

182 748 291 779 mma
310 733 419 777 ἦσαν.
481 733 621 782 Quam
648 733 981 787 explicationem
1015 730 1104 771 scio
1137 729 1362 774 duriorem»
1384 731 1697 784 plerorumque

176 789 346 841 judicio
366 805 477 841 esse,
507 805 638 845 quam
657 795 706 832 ut
726 791 864 844 possit
885 789 1068 843 placere.
1127 786 1182 828 Αἱ
1201 788 1342 844 ἡμέραν
1358 789 1564 843 ἐρχόμεναι
1589 792 1695 831 sunt

180 850 442 891 nominativi
477 850 680 897 absoluti,
713 861 786 889 seu
822 845 1157 899 consequentiae,
1188 858 1273 900 pro
1290 849 1364 887 τῶν
1397 846 1544 901 ἡμέραν
1580 849 1693 900 ἐρχο-

179 906 313 951 μένων.
383 905 573 954 Quidam
609 906 779 948 codices
813 905 995 950 habent,
1027 906 1113 943 ταῖς
1142 903 1300 959 ’ἡμέραις
1330 905 1415 951 ταῖς
1450 903 1698 958 ἐρχομένωςγ

179 961 330 1003 eodem
366 976 512 1012 sensu,
559 965 665 1017 quia
705 961 871 1004 Graecis
909 961 1044 1003 etiam
1078 960 1216 1003 dativi
1251 959 1575 1015 consequentiae
1604 972 1693 1002 non

179 1023 281 1061 sunt
301 1021 516 1063 inusitati.

234 1076 319 1118 Sed
338 1091 474 1131 quum
498 1079 686 1126 videam,
718 1078 851 1119 etiam
886 1075 983 1118 Jac.
1008 1074 1267 1123 Perizon·i-i,-
1286 1076 1369 1117 viri
1391 1077 1545 1117 nostra
1563 1075 1693 1117 laude

174 1132 302 1186 longe
322 1137 513 1188 majoris,
534 1149 586 1177 eo
606 1136 801 1176 animum
822 1135 1053 1183 inclinare,
1075 1137 1126 1175 ut
1148 1134 1194 1175 in
1217 1134 1309 1175 illis
1324 1132 1592 1188 participiis,
1611 1132 1690 1186 qui

172 1189 220 1230 in
240 1193 507 1234 nominativo
527 1193 723 1234 absolute
743 1193 840 1234 sine
858 1192 991 1233 verbo
1020 1194 1263 1246 ponuntur,
1290 1194 1334 1233 et
1364 1203 1449 1245 pro
1480 1189 1692 1245 genitivis

171 1247 400 1297 absolutis,
434 1254 582 1291 nostra
601 1251 778 1305 quidem
796 1251 1027 1298 sententia,
1050 1249 1339 1296 adhibentur,
1353 1251 1481 1303 putet
1499 1247 1690 1304 intelligi

170 1306 349 1347 verbum
386 1309 704 1350 substantivum
741 1321 869 1363 posse
892 1321 902 1355 ;
929 1309 1060 1361 juvat
1089 1308 1279 1349 breviter
1298 1316 1533 1360 exponere,
1563 1317 1692 1348 cura.

169 1363 297 1404 nobis
320 1366 556 1419 impetrare
584 1378 866 1419 nequeamus,
903 1370 953 1407 ut
990 1366 1112 1408 illam
1142 1365 1409 1406 sententiam
1434 1363 1688 1419 probemus,

172 1417 242 1461 Ne
260 1423 358 1475 quis
381 1423 518 1475 igitur
537 1426 700 1465 temere
719 1437 747 1465 a
774 1424 911 1466 tantis
931 1424 1039 1465 viris
1071 1436 1152 1465 nos
1181 1422 1416 1464 dissentire
1443 1420 1686 1469 existimet,

171 1488 254 1530 age
274 1481 424 1533 paucis
444 1482 609 1534 accipe,
631 1482 778 1530 lector,
807 1483 967 1535 quibus
986 1481 1274 1537 potissimum
1289 1479 1540 1522 rationibus
1554 1478 1689 1520 confi·-

171 1533 339 1579 damus.
399 1536 611 1586 Primum,
647 1540 1014 1593 quemadmodum
1045 1539 1204 1594 optimi
1237 1536 1490 1580 Graecorum
1506 1537 1689 1591 scripta-

170 1604 263 1633 rum
285 1607 370 1636 non
392 1596 628 1639 abhorrent
658 1611 684 1639 a
708 1598 869 1639 dativis
891 1601 936 1638 et
956 1597 1220 1639 accusati-vis
1241 1595 1451 1637 absolutis
1467 1610 1484 1636 τ·
1507 1595 1573 1636 ita
1605 1604 1687 1636 nec

169 1652 460 1695 nominativos
480 1655 700 1696 absolutos
722 1656 852 1708 genio
873 1654 1043 1704 Graecae
1057 1655 1221 1708 linguae
1241 1666 1503 1709 repugnare,
1518 1653 1687 1694 cermm

171 1706 392 1752 habemus.
454 1710 559 1758 Quae
583 1714 717 1760 enim,
738 1726 900 1765 quaeso,
921 1714 1079 1754 idonea
1098 1713 1214 1754 ratio
1235 1715 1366 1767 esset,
1385 1723 1465 1753 cur
1485 1711 1585 1766 quis
1605 1708 1684 1750 da-

166 1764 277 1807 tivos
298 1772 342 1808 et
363 1770 631 1811 accusativos
649 1772 999 1824 consequentiae,
1021 1783 1108 1812 non
1128 1774 1275 1812 autem
1297 1769 1597 1810 nominativos
1608 1766 1684 1808 ad-

168 1823 392 1867 mitteret?
449 1824 558 1867 Dari
580 1831 726 1869 autem
747 1829 875 1876 tales,
897 1835 990 1870 tam
1010 1829 1196 1876 dativos,
1227 1839 1360 1879 quam
1391 1825 1683 1874 accusativos,

167 1883 357 1924 ostendit
379 1882 578 1936 Sylburg.
601 1885 655 1926 ad
676 1885 863 1927 Pausan.
885 1899 929 1940 p.
953 1884 1055 1933 930,
1076 1885 1176 1927 931.
1238 1883 1450 1938 Exempla
1467 1883 1683 1926 aecusati-

165 1950 317 1980 vorum
339 1943 659 1994 consequentiae
679 1943 811 1984 habes
833 1944 968 1985 etiam
989 1943 1107 1998 apud
1126 1942 1325 1998 Xenoph.
1345 1940 1612 1989 Ἀπομνημον.
1629 1938 1686 1980 ii..

165 2007 202 2035 c.
221 1994 263 2036 2.
284 1997 322 2050 ᾗ.
350 1997 411 2038 13.
444 2002 488 2039 et
503 2011 540 2039 c.
560 1999 604 2040 3.
635 1999 672 2053 ξ.
692 2000 735 2042 3.
769 1998 884 2047 Quid
901 2001 940 2042 si
962 2003 1064 2054 quis
1084 2000 1220 2048 dicat,
1242 1998 1577 2051 in-accusativis
1591 1997 1682 2038 illis

166 2052 379 2096 absolutis
406 2055 751 2098 subaudiendum
771 2071 865 2099 esse
882 2056 1093 2107 μαθόντες,
1129 2058 1197 2100 vel
1229 2055 1386 2106 μαθὼν,
1416 2059 1496 2097 aut
1526 2053 1682 2102 εἰδότες,

164 2111 232 2151 vel
256 2110 387 2152 εἰδῶς’.)
417 2110 466 2153 Id
487 2113 523 2154 si
543 2114 676 2162 dicat,
707 2128 794 2156 non
815 2117 954 2157 solum
974 2117 1108 2158 istam
1131 2116 1309 2169 ellipsin
1340 2114 1553 2155 omnibus
1572 2112 1682 2153 locis

164 2170 395 2210 convenire
415 2171 687 2222 negabimus,
717 2186 865 2214 verum
898 2174 1030 2216 etiam
1063 2173 1241 2214 dativos-
1264 2170 1589 2224 consequentias
1607 2181 1682 2210 m·-

166 2225 382 2276 gebimus,
405 2228 489 2267 nisi
511 2230 595 2278 cui,
627 2230 759 2271 etiam
790 2232 836 2271 in
858 2231 927 2272 his
947 2231 1124 2285 ellipsin
1145 2230 1360 2283 aliquam«,
1384 2241 1426 2269 v.
1448 2242 1487 2270 c.
1509 2237 1682 2282 praepo—

136 2336 144 2339 p
167 2281 338 2324 sitionis
358 2281 434 2331 σὺν,
455 2286 710 2339 confingere,
745 2288 792 2329 in
813 2292 1004 2330 mentem
1022 2288 1185 2330 veniat.
1237 2285 1422 2334 Verum,
1453 2287 1502 2326 ut
1520 2285 1683 2326 libera-

164 2337 267 2380 liter
299 2353 496 2393 agamus,
527 2345 722 2386 novimus
760 2358 927 2394 omnes,
970 2358 1059 2399 qua
1091 2346 1182 2387 sint
1218 2345 1334 2386 inter
1366 2342 1678 2396 grammaticos

164 2398 425 2439 auctoritate
447 2398 701 2454 Sylburgius
721 2406 765 2444 et
787 2402 1012 2451 KusteruS‚
1044 2415 1231 2458 quorum
1262 2404 1418 2443 neuter
1438 2399 1679 2441 nomi-nami·-

164 2465 238 2493 vos
258 2457 576 2508 consequentiae
597 2459 823 2501 admittere
860 2462 1048 2502 dubitat.
1110 2459 1188 2502 ll-le
1220 2459 1449 2501 nobiscum
1469 2458 1603 2500 sentit
1619 2457 1679 2498 aad

164 2506 352 2553 Pausan.
376 2513 509 2555 Attic.
547 2529 580 2554 c.
612 2515 671 2556 14.
705 2530 747 2570 p.
770 2517 838 2558 35.
872 2518 940 2560 hic
961 2531 1065 2559 vero
1087 2518 1140 2559 ad
1163 2517 1387 2571 Aristoph.
1427 2514 1542 2557 Plut.
1574 2508 1670 2555 2137<-

165 2564 301 2609 Porro
318 2569 529 2612 Kusterus
550 2584 594 2612 se
614 2586 665 2614 ea
686 2575 730 2614 in
750 2588 796 2615 re
816 2577 924 2618 alios
943 2576 1310 2631 locupletissimos
1330 2578 1530 2624 auctores
1547 2570 1675 2624 sequi

162 2626 369 2674 ostendit,
401 2626 666 2671 Scholiastas
700 2630 929 2686 Sophoclis
964 2638 1010 2675 et·
1046 2632 1375 2687 Aristophanis,
1416 2629 1598 2675 Suidam
1632 2632 1680 2669 et

163 2678 424 2724 Corinthum
453 2685 505 2725 de
538 2685 723 2728 dialecto
744 2688 906 2731 Attica.
967 2689 1052 2732 His
1074 2691 1257 2737 accedit,
1289 2689 1452 2730 multos
1483 2683 1677 2728 inveniri

163 2739 378 2791 ejusmodi
419 2743 726 2795 nominativos,
771 2759 881 2799 quos
922 2749 1131 2790 vocabulo
1167 2745 1471 2802 grammaticis
1496 2742 1679 2785 *dudum

162 2794 374 2838 familiari
395 2798 617 2841 absolutos
637 2815 759 2851 voc0,
790 2817 915 2856 quos,
946 2806 983 2845 si
1004 2806 1106 2859 quis
1125 2818 1205 2860 per
1225 2803 1403 2859 ellipsin
1423 2800 1554 2843 verbi·
1571 2800 1672 2842 sub·-

161 2855 342 2895 stantivi
363 2856 641 2909 explicandos
658 2864 801 2912 putat,
833 2862 870 2902 is
889 2862 1008 2903 nulla
1027 2864 1198 2904 ratione
1228 2875 1274 2903 se
1301 2859 1587 2914 expediturus
1611 2857 1677 2898 vi-

160 2909 301 2951 detur.
373 2911 606 2967 Apponam
647 2917 788 2958 locum
829 2917 1018 2972 Polyaeni
1050 2920 1098 2960 ii.
1139 2934 1178 2961 c.
1218 2919 1259 2960 3.
1291 2919 1336 2959 in
1367 2914 1675 2971 Epaminonda

160 2977 204 3008 n.
234 2967 298 3010 13.
320 2970 352 3010 οἱ
373 2969 411 3010 δὲ
429 2968 758 3026 <Epaminondae
778 2976 962 3030 milites)
981 2974 1030 3017 αὖ
1049 2976 1153 3019 κατὰ
1176 2976 1220 3018 τὸ
1247 2977 1365 3025 μέσον
1389 2972 1519 3016 πεδίον
1551 2970 1674 3020 zms,
