1838 3164
558 119 877 168 PL‘EONASMI
903 111 1235 166 VERBORUM.T
1609 117 1665 162 63

149 236 248 284 257.
277 242 323 285 in
343 241 546 297 Cratylo:
579 243 708 285 Δοκεῖ
719 239 780 282 οὖν
797 257 862 289 μοι
883 238 1185 296 χρῆναιοῦτωσὶ
1206 235 1315 288 ἧμδές
1336 239 1508 286 ποιῆσαι,
1530 235 1576 278 τὸ
1594 237 1666 287 μὲν

152 299 316 356 ἥμερον
333 298 422 342 εἶναι
438 299 666 357 χρήσασθαι
683 302 790 354 αὐτῇ
809 298 930 354 αὔριον
951 296 984 337 δ’
1010 301 1092 339 etc.
1460 348 1464 351 1
1662 300 1669 313 ’

207 357 251 400 3.
283 357 379 400 Neo
396 357 624 400 dissimilis
643 361 711 399 est
728 357 890 404 forma,
915 362 1017 409 quae
1036 358 1080 396 et
1108 354 1215 396 alibi
1245 354 1451 403 occurrit,
1482 358 1527 396 et
1537 354 1670 411 ‘apuq

151 413 342 469 Thucyd.
363 417 440 458 vii.
462 415 534 457 48.
565 415 610 456 τὸ
644 417 704 456 ἐπ’
731 414 877 455 ἐκείνοις
907 410 997 454 εἶναι
1031 425 1076 466 q.
1097 425 1136 454 e.
1169 418 1377 469 quantum
1395 411 1444 453 in
1471 410 1579 468 ipsis
1606 425 1666 454 es-

150 478 227 521 set,
258 474 368 522 sive,
399 472 542 530 quoad
569 471 678 528 ipsis
699 470 918 513 decernere
949 475 1027 513 aut
1043 484 1132 512 rem
1144 469 1350 527 perficere
1378 467 1538 511 liceret.
1597 468 1666 511 Ibi

154 529 446 573 scholiastes:
496 529 555 571 Τὸ
592 527 681 571 εἶναι
702 530 889 586 περιττόν.
962 528 1048 570 Sed
1081 529 1176 570 loco
1209 529 1294 570 rite
1329 528 1522 582 expleto,
1553 527 1667 570 sicut

152 586 267 634 Sect.
295 587 332 629 l.
362 589 653 637 ostendimus,
685 585 774 629 εἶναι
793 587 1032 637 videbitur,
1064 588 1178 629 sicut
1207 591 1291 640 est,
1317 599 1498 643 prorsus
1519 598 1668 628 neees-

154 646 328 688 sarium.

162 713 164 716 ’
206 701 248 747 4.
278 701 383 746 Post
400 717 442 746 v.
463 700 611 756 διδόναι,
630 705 682 745 ut
712 704 758 744 et
780 706 883 758 post
910 703 1000 745 alia
1032 703 1227 757 eJusdem
1256 703 1351 744 fere
1381 702 1667 756 significatio-

150 759 232 814 nis,
250 772 290 805 e.
311 773 356 815 g.
394 763 553 815 ἀφιέναι,
590 762 816 817 ἐπιτρέπειν,
843 761 1092 803 accusativo
1112 761 1217 803 doni
1236 761 1329 803 dati
1350 760 1530 814 adjungi
1554 761 1668 803 solet

150 818 330 860 verbum
349 816 454 868 εἶναι,
483 819 601 874 quod
620 819 677 860 ad
711 831 886 860 sensum
905 819 1080 861 videtur
1113 819 1270 866 abesse
1302 831 1449 874 posse,
1482 818 1667 871 ideoque

149 877 368 931 ’ὢλεονάζειν
392 878 564 919 dicitur.
602 874 738 918 Hom.
760 874 811 918 Il.
836 875 891 917 A.
931 875 995 918 19.
1033 889 1070 918 S.
1099 875 1259 932 θώρηκα
1283 907 1293 918 .
1318 907 1328 918 .
1353 907 1364 918 .
1383 873 1463 918 Τόν
1496 878 1598 917 ποτέ
1635 877 1669 919 οἶ

153 931 319 990 Κινύρης
348 934 460 983 δῶκε,
477 933 629 985 ξεινήϊον
646 932 751 976 εἶναι.
812 932 1004 976 Pausan.
1025 935 1093 976 iii.
1116 934 1158 982 l‚'
1175 933 1220 975 7.
1247 933 1511 990 Μεμβλίαρον
1532 933 1571 974 δὲ
1590 964 1600 974 .
1620 965 1631 975 .
1654 966 1666 976 .

155 989 319 1041 Κάδμος
339 993 375 1034 ἐν
395 993 562 1049 τῇνῆσῳ
582 994 786 1033 κατέλιπεν
806 993 978 1041 ἡγεμόνα
998 989 1087 1033 εἶναι
1100 996 1174 1033 τῶν
1197 993 1369 1042 ἐποίκων.
1397 989 1540 1045 Longi
1561 990 1669 1034 Pas-

151 1051 276 1092 toral.
301 1050 328 1092 i.
351 1048 439 1092 τοὺς
456 1051 527 1098 μὲν
548 1048 681 1106 τυροὺς
712 1050 822 1105 δῶρον
843 1047 933 1091 εἶναι
968 1049 1107 1090 δίδωσι.
1167 1049 1308 1092 Notat
1338 1050 1400 1092 ibi
1429 1047 1665 1102 Villoison,

153 1104 234 1150 hoc
253 1105 359 1156 εἶναι,
382 1109 497 1150 sicut
517 1112 562 1150 et
594 1107 702 1149 alibi
722 1108 825 1160 ἔχειν
845 1111 958 1162 post.
990 1120 1030 1149 v.
1063 1106 1214 1156 διδόναι,
1245 1109 1470 1162 eleganter
1499 1108 1666 1150 πλεονά-

152 1163 237 1218 ζειν.
296 1164 443 1208 Etiam
459 1164 531 1207 Fr.
552 1164 626 1208 W.
655 1163 804 1207 Reitz.
827 1166 882 1206 ad
906 1164 1060 1219 Vigeri
1089 1165 1288 1207 libellum
1308 1166 1471 1208 bonam
1492 1167 1667 1220 copiam

151 1224 453 1278 exemplorum
483 1223 537 1264 de
564 1224 646 1264 hoc
685 1224 940 1277 pleonasmo
974 1227 1043 1265 τοῦ
1074 1220 1163 1263 εἶναι
1202 1224 1437 1277 congessit,
1466 1221 1668 1267 Verbum

149 1279 252 1332 ’ἐχειν
270 1282 333 1323 sic
352 1282 546 1337 positum
567 1279 720 1334 Eurip.
742 1279 852 1322 Hec.
881 1279 1004 1323 1260.
1025 1285 1070 1322 et
1100 1278 1295 1335 Oppian.
1333 1280 1498 1334 Cyneg.
1526 1282 1558 1323 i.
1601 1280 1669 1323 11:

150 1333 315 1379 Zosim.
339 1339 388 1380 ii.
408 1336 479 1380 39.
500 1338 576 1379 sed
596 1342 641 1379 et
671 1337 775 1388 ἄγειν
803 1337 928 1379 Iliad.
955 1338 1007 1379 A.
1027 1337 1129 1380 338.
1153 1343 1199 1381 et
1219 1338 1272 1379 Ψ.
1297 1338 1391 1380 612.
1414 1342 1459 1380 et
1488 1338 1668 1395 φέρεσθαι

151 1391 325 1436 Gallim.
346 1393 524 1438 Lavacr.
547 1394 657 1436 Pall.
680 1395 775 1436 133.
825 1397 951 1443 ,Ante
973 1397 1052 1437 hos
1072 1396 1312 1449 infinitivos
1324 1409 1478 1440 omnes
1497 1398 1668 1452 ellipsis

149 1453 215 1494 est
242 1457 311 1495 τοῦ
336 1453 457 1495 dare:
489 1457 536 1494 et
570 1453 780 1494 infinitivi
800 1453 915 1494 dona
934 1453 1040 1495 data
1059 1453 1186 1506 quasi
1206 1454 1346 1509 magis
1383 1454 1579 1506 firmant,
1603 1458 1669 1504 et,

127 1554 131 1560 ,
151 1507 299 1552 eorum
318 1512 510 1553 maxime
528 1511 710 1566 propria
729 1523 838 1561 esse,
857 1511 1019 1563 quibus
1038 1511 1144 1552 data
1164 1512 1269 1563 sint,
1285 1511 1531 1562 declarant.
1573 1510 1667 1554 He-

152 1567 328 1610 rodotus
347 1569 512 1624 passim
529 1574 631 1624 post
659 1567 903 1611 ἀποδεικνύειν
937 1569 1066 1624 ponit
1086 1566 1175 1611 εἶναι
1204 1570 1431 1612 simillima
1463 1570 1667 1621 ratione;

154 1629 204 1667 ut
222 1638 263 1667 v.
282 1624 353 1667 99.
375 1625 491 1668 αὐτὸς
523 1627 595 1675 μὲν
625 1625 672 1669 δὴ
706 1628 772 1667 οὐκ
807 1628 1054 1684 ἐστρατεύετο
1074 1658 1084 1668 .
1111 1659 1120 1669 .
1145 1657 1156 1669 .
1179 1626 1418 1683 στρατηγοὺς
1447 1627 1487 1670 δὲ
1523 1628 1670 1671 ἄλλους

154 1680 311 1734 ἐπέδεξε
332 1682 539 1727 Μιλησίων
560 1681 664 1724 εἶναι.
764 1719 769 1726 .,

232 1737 276 1784 5.
316 1741 456 1784 ‘Porro
495 1746 539 1783 et
572 1753 670 1783 cum
707 1741 842 1784 verbo
871 1742 1061 1796 ὀνομάζειν
1096 1742 1293 1797 positum
1329 1743 1529 1787 abundat
1563 1742 1669 1790 εῖναι.

155 1795 268 1842 Plat.
289 1801 372 1843 Vol.
392 1799 459 1841 iii.
481 1813 526 1855 p.
547 1796 617 1840 89.
637 1797 856 1855 (Protag.)
879 1801 1054 1853 σοφιστὴν
1075 1799 1122 1844 δή
1145 1803 1200 1840 τοι
1215 1801 1442 1855 ’ὀνομάζουσι
1460 1820 1522 1851 γε,
1546 1801 1575 1844 ὦ
1596 1801 1669 1852 Σ.,

152 1855 215 1898 τὸν
231 1855 346 1914 ἄνδρα
365 1855 467 1899 εἶναι.
526 1855 721 1913 Xenoph.
743 1856 872 1912 Apol.
896 1856 943 1899 S.
965 1858 1006 1914 ξ.
1033 1857 1096 1900 13.
1127 1859 1273 1900 οἶωνούς
1291 1876 1333 1900 τε
1359 1859 1423 1901 καὶ
1448 1859 1584 1914 φήμας
1602 1860 1670 1902 καὶ

155 1916 371 1963 συμβόλους
391 1931 433 1955 τε
453 1913 518 1956 καῖ
550 1916 706 1963 μάντεις
739 1915 960 1969 ὀνομάζουσι
990 1914 1078 1957 τοὺς
1106 1915 1553 1972 προσημαίνοντοιςεῖνοιι.
1613 1916 1668 1961 In

156 1970 226 2012 his
260 1972 450 2026 ὀνομάζειν
481 1985 569 2014 non
604 1975 670 2014 est
700 1974 959 2028 simpliciter
991 1972 1146 2021 dicem,
1175 1977 1225 2016 ut
1257 1974 1667 2027 quidamfv'ertunt,

153 2027 258 2083 (quo
281 2042 411 2073 sensu
432 2030 514 2071 hoc
534 2031 718 2072 verbum
747 2044 964 2084 nusquam
990 2045 1216 2074 occurrere
1235 2033 1364 2095 puto)
1384 2030 1478 2086 ΒΘΗ,
1505 2038 1555 2076 ut
1572 2034 1668 2078 fere

156 2084 362 2140 Baebius,
382 2100 649 2141 quamquam
669 2088 891 2138 dubitans,
914 2087 1037 2131 verbo
1057 2094 1170 2131 certo
1196 2090 1264 2132 vel
1285 2086 1569 2135 verbis‘'bertis
1596 2107 1669 2135 εω-

147 2144 363 2200 pn'mere5
393 2145 508 2188 sicut
539 2147 586 2187 in
617 2144 860 2188 Phoenissis
889 2146 1042 2202 Eurip.
1066 2145 1164 2189 419.
1192 2161 1227 2189 s.
1262 2146 1345 2190 10.
1373 2151 1400 2193 ἦ
1426 2145 1589 2221 πατρὶς,
1618 2151 1670 2194 ὣς

155 2202 264 2250 ἔοικε,
295 2203 482 2256 φίλτατον
500 2206 660 2257 βροτοῖς.
698 2202 805 2245 ΠΟ.
828 2203 906 2246 οὐδ’
927 2205 1109 2252 ὀνομάσαι
1127 2204 1271 2254 δύνωμ’
1295 2204 1353 2258 ἂν,
1375 2209 1425 2249 ὡς
1441 2209 1529 2248 ἐστι
1541 2208 1667 2262 φίλον.

151 2256 206 2301 In
242 2256 438 2302 Platonis
458 2265 502 2302 et
512 2258 715 2315 Xenoph.
737 2263 831 2304 loco
851 2263 905 2304 de
934 2261 1105 2305 nomine
1124 2264 1318 2305 maxime
1337 2278 1484 2310 rerum
1504 2267 1669 2319 agitur.

154 2313 402 2360 Verborum
431 2318 538 2360 ordo
572 2319 816 2372 elegantior
851 2321 898 2362 in
930 2333 1027 2362 eam
1048 2321 1303 2376 opinionem
1330 2322 1671 2379 ducere'potest,

156 2377 210 2415 ut
230 2377 422 2432 ὀνομάζειν
456 2376 565 2418 nihil
587 2377 709 2418 aliud
728 2390 820 2419 esse
839 2383 986 2432 puteS,
1016 2391 1149 2432 quam
1169 2381 1290 2428 λέγειν
1308 2392 1319 2419 :
1352 2380 1428 2422 sed
1446 2387 1671 2426 construes

157 2430 223 2473 tio
251 2436 319 2474 est
355 2434 584 2486 ejusmodi,
631 2438 683 2476 ut
722 2433 997 2477 accusativus
1030 2450 1130 2478 cum
1171 2437 1252 2480 inf.
1272 2435 1410 2481 'recte
1446 2444 1670 2493 sequatur.

159 2487 356 2531 Platonis
376 2492 512 2543 igitur
527 2491 658 2532 verba
673 2491 737 2533 sic
749 2493 1076 2547 interpretanda
1095 2498 1199 2538 sunt
1215 2508 1225 2535 :
1259 2491 1444 2538 Nomine
1458 2500 1571 2540 certo
1581 2497 1669 2553 (vel

158 2547 255 2602 suo)
271 2546 505 2603 appellant,
526 2560 611 2589 esse
629 2545 793 2590 scilicet
808 2548 1055 2606 sophistam.

218 2605 259 2645 6.
291 2604 452 2647 Gravis
472 2606 642 2647 videtur
668 2619 759 2648 esse
785 2608 1067 2662 pleonasmus
1094 2610 1213 2666 apud
1245 2609 1472 2666 Polybium
1502 2613 1565 2655 ix.
1596 2613 1670 2657 23.

160 2659 304 2704 Οὐδεὶς
322 2664 396 2718 γάρ
412 2664 492 2704 ἐστι
511 2666 586 2704 τῶν
604 2662 735 2712 ὅντων,
761 2665 881 2707 οὕτως
899 2665 1132 2721 ἀπράγμινν,
1161 2668 1199 2710 ὃς
1221 2669 1313 2722 οὐχὶ
1343 2673 1558 2719 πέπυσται,
1584 2677 1673 2713 πῶς

156 2716 419 2776 Ἀντίπατρος
452 2724 534 2762 etc.
591 2720 806 2775 Neglecto
839 2724 1076 2778 participio
1100 2738 1259 2782 ,sensus
1289 2732 1439 2771 manet
1467 2730 1670 2783 integer:

163 2776 239 2818 sed
259 2783 314 2833 τῷ
333 2777 449 2820 οὐδεὶς
468 2778 641 2821 videtur
670 2792 802 2832 grave
821 2786 1090 2828 momentum
1117 2783 1306 2828 detrahi.
1366 2786 1452 2839 Sed
1467 2827 1471 2830 ,
1488 2787 1583 2829 hoc.
1601 2789 1673 2829 est

161 2829 394 2899 incertum.
457 2833 743 2887 Casaubonus
762 2839 943 2891 quidem
961 2840 1107 2894 prima
1118 2841 1194 2883 illa
1209 2843 1363 2887 vertit:
1395 2841 1532 2888 Nemo
1549 2844 1676 2887 Immo

161 2897 275 2947 vzvzt
301 2907 382 2936 rer.
402 2900 564 2950 gestor.
599 2892 707 2938 adeo
736 2894 1002 2939 incuriam:
1029 2903 1147 2941 recte
1178 2899 1394 2952 fortasse3
1424 2903 1534 2956 quia
1566 2900 1676 2950 εἶναι,

162 2961 246 3007 pro
273 2949 428 3006 vivere,
447 2951 711 3013 superstitem
736 2953 838 3009 esse,
866 2958 912 3000 et
932 2953 1040 3002 alibi
1069 2969 1144 3014 ap.
1180 2956 1408 3016 Polybium
1432 2957 1675 3019 reperitur,
