1838 3164
216 167 295 215 186
579 177 655 218 DE
680 167 892 219 ''ELLIPSI
918 174 990 217 ET
1015 170 1351 215 PLEONASMO

208 289 355 343 ipsum
386 292 453 333 est
484 288 746 342 dubitantis,
779 293 826 333 et
856 289 983 345 quasi
1015 290 1166 338 semet,
1196 290 1346 330 utrum
1376 286 1472 340 hoc,
1505 289 1562 337 an
1601 283 1709 334 illud

208 345 352 395 malit,
375 349 701 403 interrogantis.
763 347 916 403 Itaque
938 347 1075 388 multo
1093 359 1175 387 usu
1198 346 1364 387 factum
1383 350 1467 394 est,
1496 350 1546 389 ut
1564 343 1589 391 ἢ
1610 347 1712 388 sitn-

205 404 382 458 pliciter
403 412 479 448 aut
497 407 777 460 significaret,
814 410 857 447 et
876 406 937 446 ibi
959 409 1130 458 quoque
1148 403 1451 459 usurparetur,
1471 405 1548 445 ubi
1571 406 1712 446 omnis

207 462 495 517 interrogatio
525 465 719 508 abesset:
750 462 940 506 Τεθναιῆς
974 461 1002 503 ὦ
1032 460 1185 517 Προῖτ’,
1214 461 1239 506 ἦ
1267 462 1430 502 κάκτανε
1461 459 1711 518 Βελλεξσφόν-

206 535 292 562 την.
329 519 460 562 'Jam
486 534 591 564 vero
617 523 731 564 unde
762 525 843 568 est,
873 519 990 574 quod
1021 519 1133 561 hanc
1166 520 1430 574 particulam
1462 518 1709 572 significare

205 574 358 619 volunt
393 584 551 634 quam?
598 579 759 622 Verum
801 582 884 625 est,
924 579 1020 618 eam
1065 578 1128 619 sic
1174 590 1269 618 esse
1322 577 1710 631 interpretandam,

204 647 341 687 quum
375 634 803 692 Latineloquirnur:
853 636 1014 677 falsum
1043 639 1119 675 est·
1141 638 1307 682 autem,
1345 634 1456 690 hanc
1495 630 1714 688 significa-'

204 691 369 735 tionem
389 694 529 736 inesse
550 695 651 737 huic
683 693 923 749 particulae.
985 691 1101 733 Nam
1121 695 1429 745 praeterquam,
1461 691 1576 744 quod
1599 687 1709 737 nihil

203 748 319 791 inter
339 764 385 792 se
405 765 633 794 commune
655 755 731 793 aut
755 753 987 804 cognatum
1019 749 1182 791 habent
1210 750 1364 790 harum
1395 750 1711 803 particularum

202 807 561 859 significationes,
593 823 647 851 ne
672 822 782 864 opus
812 808 988 861 quidem
1016 811 1100 855 est,
1140 809 1207 854 ut,
1245 819 1380 860 quum
1414 806 1438 851 ἢ
1473 820 1600 863 quam
1636 820 1712 848 no-

201 866 298 905 tare
323 865 507 916 videtur,
551 880 578 908 a
612 868 790 922 propria
835 868 929 919 ejus
973 867 1191 919 potestate
1230 864 1512 905 discedamus.
1583 863 1711 905 Com-

202 922 329 964 mode
367 925 484 966 enirn
519 937 572 965 ea
605 926 740 966 etiam
770 925 818 964 in
851 923 1176 978 comparatione
1218 922 1361 963 locum
1397 921 1555 962 habet:
1584 917 1711 962 '‘Hi-01

200 979 378 1035 βέλτερόν
408 983 501 1028 ἐστι,
537 984 627 1022 κατ’
659 981 766 1037 οὔρεα
799 979 920 1036 θῆρας
941 981 1103 1036 ἐναίρειν,
1138 977 1372 1034 Ἀγροτέρας
1403 980 1439 1018 τ’
1475 979 1653 1032 ἐλάφους,
1684 978 1711 1023 ἢ

201 1037 399 1090 κρείσσοσιν
432 1037 486 1092 ἶφι
515 1037 737 1092 μάχεσθαι.
795 1037 844 1079 Id
878 1042 945 1079 est
967 1037 1166 1093 proprie:
1197 1035 1347 1078 melius
1363 1048 1465 1077 sane
1494 1040 1570 1083 est,
1591 1034 1714 1094 feras

112 1099 189 1143 187
203 1092 415 1136 occidere.-
444 1109 502 1137 an
525 1095 646 1152 forte
681 1094 886 1138 dimicare
915 1108 1007 1137 cum
1024 1092 1217 1153 fortibus
1245 1092 1394 1136 melius
1423 1097 1519 1136 est?
1549 1091 1711 1136 Confir-

80 1155 83 1161 '
202 1154 294 1192 mat
323 1152 435 1195 hanc
468 1154 873 1209 interpretationem
903 1154 1111 1200 formula,
1142 1164 1276 1206 quam
1308 1149 1456 1193 Latini
1488 1153 1516 1193 a
1546 1150 1711 1195 Graecis

201 1213 475 1264 aeceperunt,
507 1213 668 1254 rectius
689 1225 741 1253 ea
759 1212 1008 1253 utentibus:
1040 1207 1241 1267 πρόθυμος
1259 1212 1428 1257 μᾶλλον,
1457 1208 1483 1253 ἢ
1505 1211 1711 1273 coepas-riga.

202 1265 319 1308 Nam
338 1265 487 1310 Latini
508 1269 546 1310 si
568 1273 770 1312 accurate
801 1271 1093 1323 loquerentur,
1123 1267 1264 1308 dicere
1294 1267 1516 1315 deberent,
1547 1266 1711 1308 studio-

200 1322 304 1372 δίον,
327 1338 455 1381 quam
478 1327 681 1383 prudens,
712 1339 799 1368 non
818 1325 1068 1374 studiosior,
1097 1337 1224 1381 quam
1246 1323 1511 1381 prudentior.
1569 1322 1711 1367 Graeci

200 1385 353 1423 contra
375 1387 491 1424 recte
521 1386 583 1425 sic
603 1386 859 1438 loquuntur,
890 1386 1053 1439 quippe
1087 1383 1167 1424 hoc
1198 1382 1416 1423 dicentes:
1449 1379 1712 1426 studiosior:

201 1451 260 1479 an
287 1439 578 1494 prudentior?
607 1441 714 1483 Haec
744 1443 780 1483 si
806 1446 923 1482 recte
947 1441 1283 1494 disputavimus,
1317 1439 1438 1479 nulla
1457 1443 1523 1480 est
1543 1439 1712 1493 ellipsis

200 1494 247 1536 in
263 1496 427 1537 talibus
446 1499 570 1546 locis,
590 1503 640 1539 ut
658 1497 772 1540 Ἐπεὶ
793 1500 1065 1553 νεφεληγερέτα
1084 1494 1188 1537 Ζεὺς
1204 1493 1350 1551 Τρωσὶν
1366 1495 1412 1538 δὴ
1426 1498 1608 1544 βούλεται
1630 1495 1711 1538 δοῦ-

200 1568 257 1592 ναι
288 1554 440 1605 κράτος,
473 1555 586 1612 ’ἠέπερ
616 1557 722 1604 ἧμῖν.
785 1555 901 1598 Nam
923 1555 966 1597 id
985 1555 1163 1609 proprie
1183 1554 1246 1593 sic
1265 1553 1431 1595 dictum
1451 1557 1544 1595 est:
1577 1552 1710 1611 Jupi-

201 1613 264 1650 ter
292 1608 570 1666 Troy'anarum
590 1613 679 1654 vult
708 1612 924 1655 victoriam
957 1625 1070 1653 esse:
1101 1623 1159 1652 cm
1185 1608 1261 1650 ille
1289 1623 1383 1656 ,eam
1414 1623 1502 1652 esse
1526 1616 1711 1654 nostram

199 1665 322 1708 vult?
352 1667 476 1715 Quod
497 1670 603 1723 quid
624 1673 689 1711 est
709 1671 846 1718 aliud,
882 1682 1030 1723 quam,
1062 1665 1203 1723 magis
1231 1666 1304 1709 ille
1342 1660 1553 1723 Trojanis,
1583 1679 1712 1726 quam

197 1723 319 1765 nobis
338 1724 478 1822 ζαυετ.
539 1726 696 1768 Obiter
725 1741 896 1775 moneo,
927 1730 1092 1768 veteres
1125 1726 1170 1766 in
1194 1724 1275 1766 hac
1295 1726 1486 1766 maxime
1505 1726 1709 1774 formula,

197 1784 338 1824 Βούλεσ
368 1801 405 1823 αι
436 1783 478 1832 ἢ,
509 1786 573 1826 sic
593 1797 688 1827 esse
710 1786 943 1838 loquutos;
976 1784 1021 1825 in
1046 1783 1162 1831 aliis,
1192 1783 1519 1838 perspicuitatis
1540 1796 1710 1837 caussa,

196 1842 350 1886 μᾶλλον
386 1841 624 1895 adjecisse;
669 1844 935 1884 recentiores
971 1844 1135 1888 autem,
1169 1853 1443 1881 communem
1475 1852 1603 1882 usum
1638 1841 1710 1882 de-

200 1909 342 1938 serere
376 1903 592 1948 amantes,
644 1901 700 1941 ad
740 1902 968 1954 antiquam
1014 1900 1201 1940 formam
1240 1898 1458 1939 interdum
1509 1898 1709 1940 rediisse.

196 1951 460 2008 Thucydidis
495 1958 673 2010 quidem
704 1958 841 2005 locus,
881 1970 1011 2010 quem
1046 1954 1203 1997 Bosius
1231 1968 1273 2011 p.
1311 1954 1411 1996 481.
1443 1954 1589 2005 affert,
1620 1968 1708 1997 non

197 2011 420 2054 invenitur
442 2027 510 2063 eo,
547 2028 677 2068 quem
698 2016 770 2057 hic
789 2016 1000 2056 indicavit
1019 2016 1135 2055 loco:
1169 2012 1244 2054 sed
1276 2013 1311 2054 si
1342 2014 1415 2054 lib.
1438 2013 1485 2054 ii.
1515 2026 1612 2068 cap.
1635 2011 1707 2054 89.

198 2071 430 2122 spectavit,
461 2073 736 2126 negligenter
765 2074 958 2128 inspexit
995 2070 1303 2124 Thucydidem,
1333 2071 1450 2125 apud
1483 2081 1612 2126 quem
1647 2071 1711 2111 sic

196 2126 360 2179 legitur
377 2142 387 2169 :
420 2130 622 2171 ἀντίπαλοι
641 2131 711 2178 μὲν
730 2130 822 2186 γάρ,
845 2131 966 2186 ὥσπερ
987 2129 1104 2176 οὗτοι,
1140 2132 1191 2184 τῇ
1224 2128 1375 2177 δυνάμει
1397 2128 1441 2168 τὸ
1458 2130 1576 2169 πλέον
1595 2129 1710 2168 πίσυ-

166 2228 169 2230 μ
197 2197 260 2230 νσι,
290 2183 315 2228 ἢ
338 2190 389 2241 τῇ
410 2188 545 2243 ’γνώμῃ
567 2190 809 2242 ἐπέρχονται.
875 2187 960 2228 Sed
992 2186 1186 2227 nondum
1216 2186 1318 2227 licet
1352 2185 1475 2227 nobis
1505 2186 1617 2227 hanc
1650 2185 1707 2226 el-

197 2239 331 2294 lipsin
366 2243 601 2286 dimittere.
664 2244 755 2286 Cur
786 2246 920 2292 enim,
951 2245 1154 2297 inquient
1193 2244 1415 2298 ellipsium
1446 2243 1706 2290 defensores,
1749 2291 1751 2293 ,

198 2297 364 2341 Graecis
393 2302 635 2356 eripiamus
667 2302 779 2344 hanc
816 2302 1008 2357 ellipsin,
1047 2300 1216 2342 Latinis
1245 2301 1549 2348 concedamus,
1590 2300 1708 2354 apud

109 2363 186 2406 188
198 2367 307 2407 quos
344 2371 469 2413 quam
488 2361 703 2412 ejusmodi
733 2363 814 2408 est,
845 2364 911 2407 ut,
946 2359 1030 2400 nisi
1060 2357 1202 2414 magis
1233 2358 1524 2456 intenfif'amr'
1556 2370 1708 2399 sensus

197 2413 327 2466 longe
356 2415 469 2457 alius
502 2418 684 2459 evadat:
720 2418 856 2459 veluti
885 2417 1001 2472 apud
1033 2414 1236 2457 Plautum
1270 2415 1317 2457 in
1395 2415 1551 2457 udente
1570 2416 1628 2457 iv.
1660 2413 1706 2465 4,

198 2470 267 2511 70.
302 2471 367 2513 Eo
403 2478 553 2523 tacent,
588 2474 693 2532 quia
730 2474 860 2516 tacita
896 2472 1050 2516 mulier
1082 2485 1240 2529 semper
1271 2486 1397 2530 quam
1430 2472 1602 2529 loquens
1636 2470 1706 2514 bo-

194 2534 303 2570 nust.
365 2528 433 2572 Ita
453 2533 630 2584 quidem
651 2531 831 2575 Reizius
857 2533 1012 2578 edidit,
1042 2543 1178 2585 quum
1212 2535 1343 2572 antea
1362 2531 1497 2572 verba
1523 2530 1605 2572 hoc
1638 2543 1706 2571 or-

194 2585 296 2626 dine
316 2587 589 2640 legerentur:
623 2604 670 2632 eo
709 2595 858 2641 tacent,
889 2588 992 2646 quia
1023 2587 1156 2631 tacita
1189 2586 1333 2630 bonast
1365 2586 1519 2629 mulier
1546 2598 1708 2643 semper

196 2655 323 2700 quam
348 2643 531 2701 loquens.
592 2647 706 2690 Nolo
741 2649 841 2689 lites
872 2647 925 2689 de
957 2648 1036 2688 hoc
1069 2658 1193 2687 versu
1226 2659 1415 2694 movere,
1447 2649 1578 2699 quem
1598 2657 1703 2686 sane

194 2701 363 2743 mireris
385 2715 470 2744 non
491 2718 584 2746 esse
604 2707 666 2747 sic
696 2718 724 2748 a
753 2703 910 2746 Plauto
939 2705 1178 2759 scriptum:
1211 2702 1276 2745 Eo
1314 2707 1466 2753 tacent,
1501 2702 1606 2759 quia
1639 2706 1702 2743 ta-

193 2756 281 2799 cita
319 2758 468 2802 melior
502 2761 656 2804 mulier
692 2776 851 2820 semper
945 2775 1014 2804 am
1043 2761 1086 2803 lo
1116 2773 1231 2803 uens.
1302 2760 1538 2816 ScrIpserit
1565 2759 1703 2812 igitur

194 2814 395 2866 Plautus,
427 2817 559 2860 tacita
579 2819 729 2862 mulier
750 2833 876 2876 quam
912 2833 1066 2876 oquens
1085 2776 1193 2860 gorza
1211 2824 1289 2860 est.
1350 2816 1460 2867 Hoc,
1482 2817 1701 2870 inquient,

193 2873 280 2914 nisi
301 2875 472 2930 ellipsin
499 2877 725 2927 adhibeas,
757 2877 862 2931 quid
892 2883 960 2918 est
990 2877 1123 2928 aliud,
1152 2889 1301 2930 quarn,
1332 2876 1449 2931 quod
1478 2878 1608 2929 poeta
1637 2873 1702 2914 di-

191 2943 288 2972 cere
314 2933 470 2982 uoluit,
501 2934 629 2977 tacita
656 2935 809 2978 mulier
827 2940 914 2978 tam
932 2940 995 2977 est
1024 2934 1148 2987 bona,
1175 2947 1303 2990 quam
1320 2933 1506 2991 loquens.
1567 2930 1702 2986 Equi-

191 2987 289 3034 dem
309 2991 365 3035 ad
385 2991 595 3038 haecnon
623 2994 821 3039 dubitem
847 2993 1123 3051 respondere,
1153 3005 1291 3049 quum
1318 2990 1699 3048 frequentissimus
