1838 3164
622 144 912 196 mnu-Anao
935 145 1215 188 mmmm.
1581 147 1688 189 xxvii

172 267 398 369 θῆἳιιιιιΙ
350 269 553 365 lichnum
586 268 809 351 ellipsium
840 245 944 322 pete
978 278 1035 311 ex
1070 265 1251 350 Dukero
1285 266 1342 309 ad
1371 265 1571 321 Thucyd.
1603 268 1683 310 lib.

258 339 284 367 e

187 357 411 431 πῖθιιώά
426 334 636 433 §tandum
665 377 917 428 Gasauboni
947 383 1118 437 judicio
1150 381 1207 426 ad
1243 380 1470 436 Aristoph.
1507 380 1688 435 Equites

166 416 280 489 57⁵,-
301 443 433 489 aaut.
459 441 600 485 etiam
631 445 728 485 tum
758 440 891 484 Bosio
920 442 1063 486 fictam
1084 439 1261 495 ellipsin
1282 441 1539 496 exprobrari
1560 452 1684 493 opor-

169 501 318 549 unet,
314 509 461 552 quum
501 500 859 554 praefmsitionem
905 499 1000 556 πρὸς
1040 510 1357 551 nonnunquam
1387 510 1468 552 per
1509 497 1687 551 ellipsin

170 556 402 612 μωρὰ
398 558 560 601 τούτοις
588 558 696 612 peni
733 558 974 601 contendit.
1033 555 1322 600 Casaubonus
1355 557 1414 599 ad
1451 568 1491 597 e.
1527 555 1558 597 l.
1590 555 1684 600 ita:

188 611 493 668 ‘Praepositio
521 614 620 670 πρὸς
643 615 947 659 adverbiascit.
1006 613 1356 656 Adverbiascunt
1387 617 1432 655 et
1451 613 1577 655 aliae:
1607 612 1686 656 sed

282 671 518 726 ,muman
542 673 861 717 translationis
879 672 1071 721 faciunt,
1100 675 1281 716 accentu
1313 674 1503 719 mutato,
1532 671 1570 714 si
1592 670 1685 714 sint

320 729 432 779 aba.
461 731 555 773 ut‘
533 746 639 787 περ.
642 731 669 755 ³'
726 730 813 780 Sed
846 743 985 785 quum
1014 731 1297 779 inveniantur
1315 730 1416 781 loci,
1447 730 1494 773 in
1521 728 1685 782 quibus

165 787 521 839 'duuiaddituis
539 796 631 831 non
645 792 732 840 est,
750 790 869 843 quod
889 787 1143 835 Gasauboni
1161 789 1428 837 auctoritate
1446 787 1639 854 permoti
1654 798 1685 829 a

165 845 383 899 numa
418 843 542 890 Benii
578 846 888 899 dimoveamur.
946 844 1048 902 Ipse
1085 846 1408 902 Aristophanes
1448 845 1495 888 in
1530 844 1686 886 eadem

166 903 383 949 mmoedla
400 917 445 949 ἲ.
464 903 563 947 812.
586 907 733 948 πόνοις
750 905 859 948 illud
879 905 1019 948 addit.
1699 937 1702 941 -

177 954 469 1006 {xo-umere
474 975 564 1005 non
593 962 745 1012 debeo,
774 963 838 1007 ibi
868 963 1007 1006 videri
1038 963 1216 1018 ellipses
1235 972 1556 1014 nonnunquam
1573 972 1685 1008 eme,

163 1017 439 1066 numm
452 1022 734 1074 grammatici
752 1020 946 1064 δεικτικῶν
962 1023 1107 1069 locum
1133 1033 1228 1063 esse
1247 1021 1442 1082 aliquem
1461 1018 1685 1074 explican-

165 1074 483 1121 mutent.
541 1075 720 1122 Scilicet
751 1079 810 1121 ad
843 1079 1211 1132 significationem
1239 1091 1390 1121 rerum
1420 1090 1510 1119 non
1542 1077 1686 1119 solum

165 1132 338 1237 liqna,
352 1134 431 1183 aed
449 1134 588 1182 etiam
607 1148 766 1179 manns
785 1141 935 1179 nostm
952 1139 1112 1191 parata
1129 1141 1214 1185 est,
1233 1139 1278 1178 et
1294 1137 1531 1178 verborum
1549 1134 1685 1176 omis-

167 1190 664 1248 Qemupenumero
693 1198 840 1238 motus
873 1193 1056 1249 quidam
1088 1195 1286 1250 corporis
1325 1197 1371 1235 et
1403 1195 1555 1247 gestus
1584 1203 1690 1246 sup-

165 1247 314 1305 plent-1
362 1248 519 1302 Neque
537 1251 658 1293 enim
675 1252 1034 1295 chironomorum
1054 1253 1199 1294 solum
1218 1252 1308 1294 fuit
1328 1251 1534 1293 manibus
1553 1248 1690 1292 verba

165 1305 388 1407 θεῷ,
416 1311 462 1349 et
492 1306 675 1360 θῶπτε,
704 1313 757 1350 ut
794 1310 923 1362 quasi
962 1310 1078 1352 oculi
1118 1313 1417 1364 spectatorum
1451 1307 1686 1354 audirent,

256 1364 397 1417 eiiam
416 1377 776 1420 unumquemque
796 1366 888 1409 fere
908 1369 1162 1422 loquentem
1178 1379 1337 1409 manus
1370 1365 1595 1407 interdum
1618 1364 1687 1406 ita

165 1421 364 1477 adjuvat,
394 1424 535 1478 prope
570 1427 621 1466 ut
653 1424 753 1479 ipsa
779 1425 902 1480 loqui
934 1425 1074 1467 videri
1109 1426 1265 1480 possit.
1325 1422 1421 1466 Nec
1454 1433 1690 1477 perperam

167 1477 448 1529 Quintiliano
475 1482 538 1523 xi.
574 1481 618 1524 3
655 1481 760 1531 ista,
791 1487 842 1525 ut
869 1484 932 1525 sic
962 1483 1124 1531 dicam,
1156 1495 1368 1524 manuum
1398 1480 1575 1534 loquela
1592 1492 1690 1521 om-

165 1538 292 1583 nium
337 1538 564 1582 bominum
610 1543 859 1584 communis
906 1554 1054 1584 sermo
1107 1541 1281 1585 videtur
1327 1539 1481 1582 haberi
1541 1549 1689 1593 posse.

168 1593 357 1644 Quoties
374 1597 513 1651 igitur
530 1598 615 1641 boc
642 1600 859 1642 sermonis
889 1612 1050 1652 genere
1071 1599 1234 1652 aliquis
1254 1599 1413 1646 utitur,
1443 1596 1527 1638 esti
1550 1595 1687 1638 verba

169 1656 235 1698 rel
267 1656 564 1711 exprimenda
595 1660 700 1712 apta
731 1671 821 1700 non
854 1657 1083 1706 adhibeat,
1112 1661 1276 1706 tamen,
1315 1657 1425 1711 quia
1457 1654 1691 1696 verborum

167 1713 288 1756 vices
308 1719 458 1768 gestus
476 1728 529 1758 ac
549 1719 693 1757 motus
722 1716 919 1771 corporis
951 1721 1126 1770 gerunt,
1154 1715 1350 1770 elliptice
1381 1713 1501 1765 loqui
1532 1715 1691 1767 putan-

167 1770 252 1816 dus
285 1787 374 1817 non
406 1776 483 1816 est.
542 1775 647 1818 Jatn
682 1775 759 1816 ubi
779 1774 862 1816 loci
883 1780 1080 1818 veterum
1101 1778 1329 1815 auctorum
1350 1773 1598 1820 occurrunt,
1618 1783 1690 1811 oc-

167 1837 350 1876 currunt
367 1835 551 1876 autem·
538 1835 740 1889 inprimis
755 1834 874 1889 apud
893 1836 1084 1877 comicos
1097 1834 1269 1886 poetas,
1300 1831 1378 1873 ubi
1397 1840 1595 1885 personae
1623 1828 1691 1870 ita

166 1887 398 1945 loquentes
418 1893 700 1941 inducuntur,
730 1897 780 1935 ut
814 1907 884 1934 res
917 1893 1130 1945 quasdam
1158 1891 1537 1945 cogitationesque
1563 1890 1691 1939 gestu

164 1949 317 2003 potius
336 1962 471 2003 quam
498 1950 644 1991 verbis
676 1951 886 1999 indicent,
916 1954 1011 1992 tuln
1046 1963 1150 1991 vero
1184 1948 1439 2003 interpretis
1475 1948 1561 1991 est,
1595 1958 1688 1986 rem

167 2009 442 2061 gestumque,
473 2020 561 2061 quo
582 2008 660 2049 illa
693 2020 901 2062 expressa
919 2008 1023 2056 fuit,
1055 2007 1267 2055 indicare,
1298 2018 1386 2048 non
1419 2006 1567 2045 autem
1599 2007 1693 2045 sta-

167 2062 251 2104 tim
269 2064 446 2120 ellipsin
464 2078 657 2119 crepare.
718 2064 828 2113 Quae
848 2069 995 2108 autem
1028 2078 1099 2107 res
1132 2069 1254 2106 motu
1276 2063 1472 2118 corporis
1492 2060 1687 2103 indicen-

166 2122 258 2168 tur,
287 2134 402 2176 saepe
422 2123 544 2164 nullo
562 2123 740 2175 negotio
768 2124 1050 2176 intelligitur,
1079 2123 1156 2165 ubi
1178 2123 1236 2164 ad
1254 2119 1550 2177 praecedentia
1568 2123 1613 2160 et
1631 2121 1689 2162 ad

165 2178 379 2221 orationis
399 2180 556 2222 seriem
590 2184 782 2222 mentem
814 2182 1064 2236 paullulum
1097 2185 1338 2222 convertas.
1399 2175 1591 2218 Exstant
1621 2180 1690 2218 ta-

165 2246 264 2278 men
285 2236 387 2286 loci,
416 2238 492 2291 qui
513 2251 599 2279 non
619 2251 776 2292 parum
806 2239 1078 2281 difficultatis
1113 2239 1290 2287 habent,
1320 2240 1365 2278 et
1384 2247 1569 2288 quorum
1591 2247 1690 2276 sen-

167 2305 266 2334 sum
299 2295 374 2337 vix
391 2296 569 2348 assequi
599 2296 719 2344 licet,
749 2296 835 2338 nisi
857 2298 1017 2339 veteris
1038 2295 1251 2338 Historiae
1269 2297 1465 2347 aliquam
1494 2292 1689 2346 particu-

164 2349 288 2392 lam
274 2363 321 2394 111
348 2352 593 2394 subsidium
629 2354 852 2396 adhibeas.
913 2352 996 2404 Ut,
1025 2367 1162 2408 quum
1193 2354 1498 2397 Aristaenetu5‚
1528 2350 1578 2390 ii.
1622 2350 1692 2392 17.

166 2424 238 2451 ‘rm
257 2408 421 2464 ἀνδρίαν,
452 2411 616 2465 inquit,
647 2429 869 2461 μιμησομαι
906 2417 982 2453 τῶν
1017 2412 1224 2453 Λακώνων·
1250 2413 1339 2466 παρ’
1362 2411 1436 2450 ἔχει
1426 2409 1486 2449 ιἰνο
1476 2424 1508 2448 ις
1536 2406 1613 2463 7⁰2?
1647 2411 1688 2450 αἶ

163 2467 328 2520 μητέρες
344 2467 438 2539 πρὸς
456 2485 502 2508 το
484 2466 545 2509 οὺς
563 2468 710 2510 παῖδας
741 2470 917 2522 εφασκον·
952 2469 1035 2518 ἐμοὶ
1066 2469 1105 2511 δὲ
1136 2470 1439 2532 παρακελεύεται
1474 2464 1630 2506 κάλλιον
1661 2467 1688 2509 ἦ

165 2522 308 2576 ψυχὴ,
338 2523 363 2568 ἦ
379 2527 524 2568 ταύτην
542 2526 568 2570 ἢ
591 2525 652 2566 ἐπὶ
674 2529 818 2582 ταύτῃ.
882 2526 968 2568 Hic
997 2540 1053 2568 ex
1075 2528 1167 2569 sola
1188 2528 1302 2568 serie
1322 2522 1538 2568 orationis
1557 2535 1687 2564 nemo

166 2579 299 2622 facile
322 2581 550 2636 intelliget,
580 2596 713 2636 quam
749 2568 805 2625 ad
835 2597 929 2626 rem
966 2590 1127 2627 matres
1161 2585 1248 2626 illae
1283 2583 1476 2626 Lacaenae
1495 2579 1689 2632 digitum

167 2637 453 2687 intenderint,
483 2641 722 2689 dicentes
697 2660 722 2685 η
743 2644 907 2690 ταύτην,
937 2641 963 2686 ἢ
986 2642 1048 2684 ἐπὶ
1069 2644 1215 2698 ταύτῃ,
1243 2643 1327 2694 vel,
1347 2644 1395 2682 ut
1412 2638 1490 2680 alii
1506 2637 1687 2689 habent,

163 2693 190 2739 ἢ
212 2695 299 2744 τᾶν,
317 2695 344 2741 ἢ
364 2695 427 2738 ἐπὶ
449 2701 536 2739 τᾶς.
595 2696 662 2739 Ex
694 2699 797 2741 aliis
830 2700 969 2753 igitur
1003 2700 1289 2755 scriptoribus
1324 2700 1379 2747 is,
1409 2696 1486 2750 qui
1509 2695 1634 2738 haec
1622 2711 1688 2739 ln-

164 2752 364 2805 telligere
398 2755 507 2806 vult,
536 2756 605 2796 vel
635 2756 892 2804 discat,ve1
924 2757 1143 2805 didicerit,
1175 2770 1352 2799 necesse
1386 2758 1471 2801 est,
1502 2750 1689 2797 Laconi-

164 2821 263 2851 cum
285 2811 395 2853 illud
427 2787 594 2854 dic'tum
614 2814 795 2867 perinde
831 2815 1166 2868 intelligendum
1201 2828 1310 2862 esse,
1342 2828 1393 2855 ac
1414 2812 1452 2855 si
1474 2810 1690 2854 diceretur

162 2865 190 2909 ἦ
225 2869 372 2911 ταύτην
406 2867 477 2912 τὴν
509 2869 666 2921 unwan,
694 2870 720 2915 ἢ
755 2870 817 2912 ἐπὶ
839 2889 914 2913 ταυ
904 2875 984 2928 ’τἰ·ὀ
1046 2872 1226 2914 Scilicet
1261 2871 1489 2927 Spartanae
1526 2872 1686 2911 matres

163 2922 309 2965 filios
295 2937 343 2967 ln
362 2926 526 2969 bellum
546 2929 867 2982 proficiscentes
885 2930 1119 2971 admonere
1138 2930 1360 2980 volebant,
1387 2942 1442 2970 ne
1459 2928 1492 2981 ῥι
1482 2925 1627 2972 nirdam
1631 2927 1667 2967 δε
1673 2945 1690 2967 5

167 2986 332 3025 essent
359 2983 599 3040 clypeoque
611 2986 784 3040 abjecto
800 2987 1022 3042 fugerent,
1055 2988 1131 3031 sed
1148 2992 1199 3030 ut
1219 2988 1422 3044 clypeum
1443 2987 1589 3037 ipsum
1609 2988 1687 3027 aut

1421 3045 1491 3083 οἳ
