1838 3164
841 159 968 189 omos.
1571 146 1659 193 213

158 249 367 302 Ηθῒοάοίς,
389 259 464 302 lib.
500 260 530 302 ἰ,
550 267 644 311 cap.
675 252 746 296 59.
777 261 938 304 γυναῖκα
967 255 1131 307 ἄγεσθαι
1160 257 1212 300 εἷς
1241 258 1294 302 τὲ
1323 259 1439 306 οἲκῖα.
1498 261 1656 312 Miror,

132 312 205 349 --ut
239 313 288 353 ὡς
320 319 356 358 ἐν
385 318 538 374 παρόδῳ
582 315 662 355 hoc
696 313 923 363 addamm,
963 316 1260 359 doctissimum
1292 317 1559 362 Munkerum
1599 323 1657 365 ad

152 363 367 417 *Antonini
399 374 502 429 Met.
522 383 619 425 cap.
655 370 711 410 vi.
740 371 960 418 dubitare,
994 386 1051 414 an
1087 374 1318 429 scriptores
1343 378 1552 419 sermonis
1580 391 1654 432 pe-

152 422 311 472 destris
331 432 384 473 ni
399 430 497 473 οἰκία
513 442 594 486 pro
626 426 742 468 tectis
758 433 800 471 et
830 427 1025 471 domibus
1049 431 1256 480 habeant,
1291 447 1392 474 cum
1412 446 1499 476 non
1520 435 1655 477 nimis

149 493 251 525 rara
270 489 361 530 sint
375 489 492 544 apud
508 488 754 540 scriptores,
787 486 865 539 qui
892 488 1166 541 potissimum
1196 488 1348 532 Ionica
1364 491 1551 534 dialecto
1583 494 1652 534 usi

149 546 268 592 sunt,
303 547 514 602 exempla.
571 543 768 595 Denique
801 552 901 584 vero
925 546 1061 587 etiam
1081 547 1125 587 τὸ
1160 545 1323 596 ἄγεσθαι
1344 549 1555 590 absolute
1586 550 1652 590 in·

148 599 320 644 terdum
347 608 517 658 ponunt
548 602 817 656 scriptores.»
852 599 1068 645 Hesiodus
1088 603 1212 653 Θεογ.
1230 618 1269 646 v.
1299 603 1397 646 266.
1452 605 1653 655 ’qubysr’

143 652 379 715 Ἠλέκτρην.
436 659 671 715 Triplicem
704 659 815 699 hanc
854 658 1101 702 Graecorum
1132 662 1409 711 locutionem,
1431 661 1651 712 Ἀσγεσὲαι,

134 709 338 762 Ἀγεσὸαι
351 722 529 766 γυναῖκα,
544 721 588 759 et
601 716 855 771 plenissima
872 717 1071 759 Oratione
1080 717 1283 767 Ἀγεσῦαι
1299 723 1462 768 γυναῖκα
1471 723 1524 762 εἰς
1537 718 1651 769 οἶκον,

140 769 377 817 'imitantur
394 776 527 818 etiam
545 775 774 829 scriptores
793 770 996 816 Romani.
1054 775 1129 817 Sic
1157 774 1342 820 Ovidius
1359 776 1470 821 Met.
1489 778 1566 820 lib.
1586 779 1649 819 ix.

140 825 244 871 497.

311 887 387 932 Sic
404 890 610 933 Saturnus
630 889 770 946 Opim,
779 888 980 945 junctam
994 887 1080 932 sibi
1095 890 1319 946 sanguine,
1338 891 1478 936 duxit.

134 939 264 986 'Idem
277 959 364 988 ver.
387 947 486 990 762.

137 1011 141 1014 ’
312 1002 475 1051 Quibus
492 1004 568 1062 qui
586 1004 712 1052 ducat
724 1003 852 1052 abest,
882 1002 960 1046 ubi
977 1003 1176 1047 nubimus
1192 1005 1321 1049 amboe
1335 1012 1355 1050 ?

138 1056 374 1103 Terentius
402 1062 586 1118 Adelph.
622 1063 719 1105 Act.
753 1076 795 1103 v.
818 1061 887 1104 Sc.
917 1062 962 1110 4,
1001 1063 1062 1104 13.
1122 1061 1249 1105 Duxi
1279 1077 1464 1106 umorem.
1524 1064 1646 1109 Idem

142 1116 189 1158 in
227 1116 382 1172 Hecyr.
408 1121 507 1162 Act.
539 1121 568 1162 i.
612 1119 679 1162 Sc.
722 1119 761 1167 1,
795 1118 837 1160 5.
910 1117 1154 1176 Numquam
1184 1120 1262 1163 illa
1295 1120 1397 1163 viva
1425 1120 1648 1166 ducturum

131 1183 313 1217 'uxorem
331 1175 514 1219 domum.
574 1177 705 1220 Plura
726 1177 842 1218 idem
876 1179 1060 1232 scriptor
1088 1179 1173 1219 tibi
1199 1179 1514 1234 suppeditabit,
1545 1194 1644 1234 quae

139 1230 317 1285 longum
335 1234 450 1275 foret
469 1234 639 1275 afferre.
702 1233 821 1276 Satis
848 1234 1000 1283 fuerit,
1020 1248 1109 1276 uno
1146 1249 1315 1290 semper
1345 1237 1538 1279 alterove
1571 1251 1646 1280 ex-

139 1291 282 1343 emplo
313 1295 567 1345 perpetuam
598 1292 688 1334 fere
719 1292 831 1332 inter
859 1290 1060 1333 Graecum
1088 1296 1131 1333 et
1156 1291 1364 1335 Latinum
1398 1308 1644 1337 sermonem

125 1345 428 1414 'hai-moniam,
458 1349 628 1390 ratione
662 1349 817 1389 saltem
850 1349 1068 1402 ellipseos‚
1108 1350 1345 1392 declarare.
1423 1351 1639 1394 Scnwnn.

126 1406 629 1504 'cuaelslfgilaliaenrulgaiiilssaei
646 1406 956 1504 ἓοῃίῗξῗθέτῗὶέἂ
975 1462 1016 1503 δ’
1038 1463 1075 1504 ἓν
1104 1466 1250 1517 α’φνειοῧ
1281 1464 1430 1519 πατρὸς
1459 1464 1643 1513 κειμήλια

133 1520 270 1560 κεῖται.
328 1519 563 1574 Sophocles
591 1519 718 1562 Terei
737 1520 895 1573 fragm.
914 1521 987 1561 vii.
1018 1521 1092 1561 νέαι
1110 1523 1180 1570 μὲν
1200 1524 1235 1563 ἐν
1264 1522 1415 1577 πατρὸς
1434 1521 1642 1571 Ἦδιστον,

133 1572 256 1624 οἶμαι,
287 1576 409 1630 ζῶμεν
437 1576 640 1633 ἀνθρώπων
669 1579 764 1625 βίον.
822 1577 1044 1632 Aristoph·
1071 1577 1173 1620 Pac.
1193 1592 1233 1620 v.
1274 1578 1398 1620 1149.
1437 1577 1513 1632 κᾲξ
1546 1581 1641 1627 ἐμοῦ

134 1631 173 1671 δ’
196 1635 384 1682 ἐνεγκάτω
402 1653 459 1676 τις
474 1636 544 1678 τὴν
565 1637 710 1689 κίχλην
730 1635 793 1675 καὶ
818 1635 873 1675 τὼ
894 1637 1024 1676 σπίνω.
1055 1649 1098 1676 v.
1126 1636 1245 1678 1154.
1285 1637 1466 1692 μυρῥίνας
1485 1636 1639 1679 αἴτησον

119 1687 174 1738 ’ἐξ
201 1689 435 1744 Αἷσχινεέδου
454 1696 527 1733 τῶν
545 1694 758 1748 καρπίμων.
817 1690 1033 1732 Diodorus
1069 1691 1338 1745 Epigramm.
1368 1704 1442 1732 xv.
1474 1690 1640 1740 Κλίμα-

131 1763 195 1788 κος
210 1745 251 1797 ἐξ
266 1751 400 1797 ὀλίγης
419 1752 543 1798 ὀλίγον
557 1753 691 1806 βρέφος
702 1752 736 1791 ἐν
752 1748 945 1804 Διοδώρου
962 1747 1187 1789 Κάπεσεν.
1248 1747 1508 1789 Plutarchus
1524 1753 1556 1790 t.
1578 1751 1637 1791 iv.

130 1816 176 1858 p.
201 1804 296 1848 107.
329 1804 478 1849 Reisk.
513 1807 577 1848 καὶ
597 1808 649 1848 τὰ
668 1806 755 1861 περὶ
768 1805 963 1854 “Ρωξα’ν·ην
988 1806 1095 1860 ’ἔρωτι
1114 1806 1184 1852 μὲν
1203 1803 1409 1861 ἐπράχθη,
1430 1805 1554 1848 καλῆν
1573 1807 1639 1847 καὶ

117 1860 267 1917 ’ὅραίαν
293 1865 328 1904 ἐν
347 1863 545 1919 Χορταὶνου
562 1865 672 1919 ’.παραὶ
690 1865 809 1903 πότον
825 1861 1016 1914 ὀφθεῖσαν.
1038 1866 1090 1903 ut
1118 1863 1259 1903 locum
1280 1863 1439 1903 misere
1460 1875 1636 1918 corrup-

120 1921 222 1960 ‘tum
256 1921 441 1962 feliciter
471 1922 663 1963 restituit
692 1919 1010 1972 Wesselingius
1043 1921 1099 1960 ad
1132 1918 1376 1961 Diodorum
1411 1919 1499 1961 Sic.
1535 1925 1565 1962 t.
1589 1922 1634 1963 ii.

165 1976 292 2020 .259.
350 1977 647 2020 Artemidorus
678 1977 743 2018 iii.
780 1991 820 2019 c.
840 1977 907 2018 20.
939 1975 1010 2017 Εἲς
1034 1978 1205 2024 μάντεων
1237 1976 1276 2017 δὲ
1311 1983 1441 2030 φοιτᾷν
1477 1995 1513 2016 κ.
1535 1996 1573 2018 τ.
1594 1986 1634 2019 λ.

225 2036 286 2076 let
304 2036 476 2090 ellipsin
498 2034 813 2076 Hermesianax
844 2047 887 2074 v.
909 2031 978 2074 93.
999 2035 1092 2074 οἰκί’
1120 2035 1157 2074 ἐς
1177 2032 1396 2076 Ἀσπασίης
1426 2038 1635 2083 πωλεύμε-

126 2107 194 2131 νος.
253 2090 370 2134 Raro
397 2093 507 2148 παραὶ
525 2093 589 2133 sic
613 2093 784 2145 legitur.
846 2089 1002 2132 Suidas
1038 2094 1069 2131 t.
1090 2091 1157 2131 iii.
1175 2104 1219 2146 p.
1245 2090 1341 2133 151.
1376 2091 1524 2146 ὕστερον
1543 2095 1634 2140 μέν·

127 2165 183 2189 τοι
212 2153 323 2205 παρὰ
353 2148 566 2198 Θεαγένους
596 2149 690 2191 τινὸς
723 2147 895 2193 εἰσῆλθεν
919 2149 1143 2195 ὠνησόμενος
1174 2150 1298 2203 κρέας.
1356 2145 1506 2201 (Conf.
1547 2147 1635 2190 Xe-

126 2208 258 2260 noph.
280 2205 438 2262 Ephes.
472 2221 518 2261 p.
552 2206 594 2248 7.
631 2208 691 2248 in.
731 2205 829 2248 Loc-
850 2208 901 2247 ὥς
934 2205 972 2245 δὲ
1001 2203 1121 2248 ἦλθον
1158 2207 1330 2260 ἑκάτερος
1358 2207 1456 2260 ,παρ’
1484 2208 1631 2250 ἑαυτόν.

124 2262 202 2304 ubi
219 2277 313 2306 vero
337 2264 505 2306 domum
531 2263 650 2306 ambo
672 2262 869 2314 rediere.)
924 2261 1059 2303 Plura
1087 2263 1141 2303 de
1163 2264 1245 2304 hac
1279 2262 1422 2317 ellipsi
1454 2263 1491 2302 si
1518 2264 1634 2304 desi-

125 2319 268 2368 deras,
287 2322 359 2364 adi
380 2321 614 2364 Kusterum
638 2322 692 2362 ad
714 2319 934 2374 Aristoph.
972 2318 1134 2361 Eccles.
1170 2334 1212 2360 v.
1232 2319 1333 2360 420.
1366 2320 1423 2360 ad
1450 2317 1633 2372 Lysistr.

108 2384 166 2418 Ὗ.
186 2377 285 2420 408.
341 2378 542 2421 Jensium
570 2380 626 2420 ad
657 2379 837 2420 Lucian.
858 2383 889 2419 t.
904 2378 934 2418 i.
967 2390 1010 2432 p.
1027 2375 1124 2418 527.
1184 2376 1413 2419 Reitzium
1438 2377 1544 2418 ibid.
1581 2391 1628 2433 p.

123 2433 221 2476 827.
279 2435 617 2478 Valckenarium
650 2437 705 2477 ad
733 2435 947 2477 Theocrit.
981 2434 1191 2475 Adoniaz.
1226 2447 1271 2488 p.
1304 2433 1404 2475 322.
1466 2432 1628 2477 Brunc-

126 2491 249 2533 kium
268 2493 324 2534 ad
344 2493 570 2547 Aristoph.
609 2492 786 2545 Lysistr.
815 2506 853 2533 v.
886 2505 924 2533 c.
955 2491 1010 2533 ad
1040 2490 1153 2533 Plut.
1184 2505 1226 2532 v.
1258 2489 1326 2532 84.
1386 2489 1632 2534 Valckena-

123 2549 212 2590 rius
234 2550 391 2592 Adnot.
429 2549 536 2592 Crit.
564 2552 610 2592 in
644 2549 700 2591 N.
735 2549 784 2591 F.
812 2563 858 2604 p.
890 2547 987 2590 391.
1021 2561 1058 2589 s.
1091 2546 1196 2589 “In
1227 2549 1388 2590 talibus
1419 2548 1630 2591 articulus

105 2613 208 2648 'non
228 2608 490 2649 adhibetur:
523 2610 573 2648 εἷς
607 2608 937 2663 Δαμνίππουῇεἶς
962 2603 1159 2660 Ἀρχένεω
1184 2610 1252 2647 τοῦ
1281 2605 1505 2660 ναυκλήρου,
1528 2611 1632 2648 sunt

121 2666 309 2706 oratoris
342 2664 481 2720 Lysiae
506 2678 551 2719 p.
579 2663 675 2712 195,
708 2669 752 2705 et
792 2662 884 2704 196.
915 2665 951 2704 ἐν
978 2661 1165 2710 Φαίακος,
1198 2661 1359 2703 Eubuli
1396 2661 1519 2703 Com.
1555 2677 1626 2719 ap.

122 2719 282 2763 Athen.
303 2723 369 2763 iii.
391 2737 436 2777 p.
462 2722 553 2764 106.
575 2721 626 2763 B.
664 2722 780 2775 apud
800 2734 926 2773 quem
956 2718 1006 2761 in
1023 2718 1177 2761 Museo
1203 2718 1499 2761 Alexandrino
1518 2720 1628 2763 dici-

123 2780 197 2819 tur
215 2781 249 2819 ἐν
270 2778 454 2827 Μουσῶν,
489 2780 565 2820 lib.
599 2792 668 2820 xv.
690 2793 734 2833 p.
768 2778 865 2819 677.
896 2776 945 2818 F.
975 2778 1259 2831 proverbium
1289 2776 1366 2817 dat
1396 2778 1627 2820 Zenobius

123 2831 248 2876 Cent-
269 2837 316 2876 ii.
337 2835 407 2878 46.
436 2836 608 2879 ’AacM-ri
630 2836 861 2889 κωμάζουσιν
880 2837 917 2876 ἐς
936 2835 1054 2887 φίλων
1083 2838 1195 2887 φίλοι.
1218 2834 1325 2875 ibid.
1346 2832 1417 2875 42.
1464 2833 1554 2875 'Aa'
1571 2851 1630 2875 τις

101 2893 159 2931 ‘iv
193 2890 383 2935 Κύδωνος.
417 2896 458 2934 ἐκ
492 2893 763 2949 Πατροκλέους
799 2894 982 2948 ἔρχομαι,
1017 2891 1243 2945 Aristoph.
1279 2890 1411 2932 Pluto
1446 2905 1488 2931 V·
1526 2891 1629 2932 84.'’

100 2946 225 3009 'Non
249 2952 506 3007 meminerat
538 2950 618 3006 Vir
647 2950 869 3002 Summus,
903 2963 949 2999 se
980 2948 1279 3009 inAristoph.
1310 2948 1504 2995 Acharn.
1539 2962 1626 2991 ver.
