1838 3164
617 152 680 193 IN
707 148 909 193 GRAEGA
938 149 1165 190 LINGUA.
1574 140 1653 188 175

138 263 245 308 Αῧθι
265 268 524 309 κατακτεῖναι.
583 264 733 307 Alium
754 264 938 307 Homeri
959 264 1120 317 locum,
1140 261 1265 305 Iliad.
1284 260 1340 303 O.
1361 260 1456 305 639.
1469 258 1555 302 *Os
1572 258 1652 302 Εὐ-

136 323 301 380 ρυσθῆος
329 324 491 366 ἄνακτος
524 325 710 373 ἀγγελίης
726 323 911 376 ὀἴχνεσκε
942 322 1012 378 βίῃ
1035 319 1306 377 Ἠρακληείγη
1334 332 1512 375 prorsus
1540 320 1748 374 [πω-160

138 383 276 426 teriit.
306 381 374 424 Ex
391 381 573 424 Hesiodi
592 379 756 434 Theog.
780 379 879 421 780.
901 379 1155 421 autem-hoc
1169 379 1356 434 protulit
1376 377 1650 431 exemplum:

137 438 284 498 Παῗιξα
305 439 344 481 δὲ
361 439 600 488 Θαύμαντος
619 437 816 493 θυγάτηρ,
837 437 960 478 πόδας
981 434 1204 491 ὠκέαἾρις,
1222 435 1441 486 Ἀγγελῖης
1458 438 1651 475 πωλεῖται

138 499 201 538 ἐπ’
221 499 329 554 εὐρέα
349 501 451 539 νῶτα
472 496 687 546 θαλάσσης,
704 494 886 536 Ὀππότ’
907 496 978 551 ’έρις
1006 493 1071 536 καὶ
1097 498 1211 535 νεῖκος
1243 495 1278 535 ἐν
1308 493 1547 535 ἀθανάτοισιν
1566 490 1653 547 ’ὅρη-

138 555 216 596 ταὶ·
247 556 365 610 quod
385 558 462 597 aut
479 553 801 601 emendatione,
835 558 913 595 aut
934 551 1077 607 ellipsi
1105 552 1429 607 praepositionis
1453 549 1654 603 indigere

135 612 260 655 dicit.
320 615 381 657 At
399 625 540 666 neque
569 612 651 653 hoc
672 611 719 652 in
740 612 853 658 loco,
887 623 1028 664 neque
1047 612 1095 652 in
1114 611 1280 652 caeteris
1309 613 1387 651 aut
1416 609 1471 650 de
1490 607 1653 661 ellipsi‚

135 670 215 712 aut
233 670 288 712 de
316 669 622 712 emendatione
649 668 947 722 cogitandum.
1006 666 1123 709 Nam
1143 671 1194 709 ut
1214 667 1322 708 alibi
1341 665 1457 722 apud
1476 668 1656 720 poetam

136 732 218 777 est,
239 728 264 774 ἢ
286 727 364 768 ὁδὸν
386 726 605 776 ἐλθέμεναι,
637 728 703 767 ita
731 740 831 768 cum
852 727 1100 768 accusativo
1119 726 1284 767 dicitur
1304 726 1490 774 ἀγγελίην
1520 723 1655 777 ἐ’ρχεσ-

135 783 221 837 Sat,
249 785 717 838 confusionequadam
735 784 999 826 diversarum
1018 784 1341 836 loquutionum,
1362 793 1547 836 quarum
1566 792 1657 821 una

134 841 422 900 ΕΒίϊὲξχεσὲαι,
453 839 593 885 alterii.
613 844 798 891 ἀγγελίην
818 844 948 898 φέρειν,
978 841 1094 893 quod
1119 841 1165 882 fit
1181 838 1512 897 proficisscendo.
1573 835 1671 879 Eo-.

133 900 234 943 dem
247 901 379 945 modo
395 896 608 942 Germani
628 901 781 942 dicunt
801 897 1008 956 botsclzaft
1026 898 1175 954 gehen.
1233 900 1265 940 J
1269 911 1342 940 am
1367 902 1519 951 quum·
1539 900 1657 936 recte

133 958 305 1000 dicatur
329 959 515 1008 ἀγγελίης
541 958 675 1014 φέρειν,
706 959 868 1015 omisso
888 958 941 1007 τί,
972 957 1014 997 id
1035 959 1118 1004 est,
1149 955 1320 1014 aliquid
1345 953 1500 997 nuncii
1516 952 1654 1010 ferre,

133 1019 326 1072 coeptum
345 1019 414 1058 est
431 1018 568 1058 etiam
595 1017 781 1066 ἀγγελίὴς,
797 1013 998 1071 ἔρχεσθαι
1030 1014 1134 1063 dici,
1165 1014 1363 1056 admixta
1389 1014 1479 1055 alia
1499 1013 1655 1065 loquu-

133 1075 271 1134 tione,
301 1072 502 1130 ἔρχεσθαι.
595 1078 599 1082 ’
803 1090 813 1095 “

164 1143 167 1149 ’
192 1131 398 1185 Denique
417 1131 573 1188 paucis
595 1131 874 1185 attingendus
893 1135 960 1173 est
981 1131 1052 1172 ille
1071 1129 1255 1184 genitivi
1277 1141 1400 1177 usus,
1429 1141 1516 1181 quo
1534 1131 1655 1169 meta

135 1191 368 1238 indicatur,
412 1202 545 1243 quam
582 1191 680 1243 quis
721 1188 927 1244 consequi
964 1188 1152 1230 studeat.
1215 1186 1302 1229 Hic
1337 1198 1513 1240 quoque
1547 1197 1654 1227 usus

132 1247 366 1303 paullatim
399 1248 590 1296 exstitit,
619 1247 975 1304 leniterssdeflexa
1005 1247 1084 1287 illa
1104 1245 1288 1299 genitivi
1318 1243 1654 1298 significatione,

133 1317 233 1360 quae
251 1311 320 1348 est
340 1306 420 1355 rei,
451 1307 575 1358 quus
595 1303 1102 1361 partem-intelligimus,
1142 1303 1259 1345 Nam
1279 1315 1414 1355 quum
1434 1302 1544 1343 talia
1557 1302 1655 1354 jam

131 1363 286 1418 pervul
318 1367 394 1406 ata
413 1369 576 1411 essent,
606 1367 656 1404 ut
677 1358 888 1410 ἅπτεσὲἇιιᾴ
919 1363 1056 1410 ψαύειν
1082 1362 1191 1412 τινὸς,
1222 1361 1462 1402 facillimus
1482 1363 1580 1400 erat
1597 1358 1655 1400 ad

133 1427 187 1463 e'a
206 1433 282 1463 ver
312 1433 340 1462 a
358 1422 589 1468 transitus,
619 1421 778 1472 quibus
808 1434 896 1461 non
930 1421 1028 1474 ipsa
1063 1419 1206 1474 partis
1238 1418 1483 1472 cujuspiam
1502 1416 1654 1464 tactio,

133 1476 212 1520 sed
227 1478 343 1520 solus
362 1478 572 1531 tangendi
591 1481 776 1520 conatus
812 1477 1048 1518 indicatur.
1109 1475 1224 1517 Hinc
1244 1476 1403 1530 ῥίπτειν,
1433 1475 1652 1527 ἀκοντίζειν,
1667 1478 1745 1523 161

133 1538 309 1578 ὃῖστεύειν
329 1534 590 1583 τιτύσκεσῦαι,
620 1533 761 1583 ἵεσθαι,
793 1539 837 1576 et
857 1548 955 1589 quae
984 1533 1149 1575 Similia
1181 1536 1299 1580 sunt,
1330 1532 1527 1586 genitivo
1552 1533 1654 1585 jun-

133 1597 315 1647 guntur,
347 1595 412 1635 sic
431 1597 482 1633 ut
502 1594 539 1634 is
560 1606 652 1634 rem
674 1593 852 1639 indicet,
883 1593 1008 1645 cujus
1039 1592 1140 1645 quis
1168 1594 1339 1646 partem
1359 1589 1535 1631 studeat
1554 1601 1655 1631 con-

133 1651 322 1705 tingere.
382 1648 600 1704 Exempla
619 1650 718 1691 vide
738 1663 783 1704 p.
805 1648 905 1693 446.
942 1650 990 1690 in
1010 1649 1174 1701 quibus
1203 1650 1300 1702 Jam
1319 1648 1464 1702 ellipsi
1485 1659 1654 1702 praepo—

134 1709 310 1751 sitionis
331 1708 436 1748 κατὰ
455 1707 588 1749 facile
609 1707 874 1749 carebimus,
1618 1717 1638 1721 ··

192 1764 278 1809 Sed
299 1766 409 1808 satis
425 1767 520 1819 jam
542 1766 596 1807 de
617 1765 812 1819 genitivo
833 1765 998 1806 dictum
1019 1764 1206 1806 videtur.

667 1855 722 1898 X.
755 1854 825 1898 De
851 1854 935 1898 Usu
954 1854 1124 1897 Dativz'.

78 1978 83 1983 .
178 1935 463 1982 ‘Accedamus
494 1950 609 1980 nunc
641 1938 697 1979 ad
732 1938 948 1986 dativum,
979 1938 1106 1991 cujus
1140 1948 1265 1978 casus
1285 1936 1512 1992 perfacilis
1542 1939 1667 1981 ratio*

134 2003 212 2042 esi:⁴
260 1996 395 2046 'Nam
415 1998 590 2039 dativus
617 2009 715 2038 eam
747 2009 840 2038 rem
873 1995 1054 2044 indicat,
1088 1996 1133 2036 in
1164 2006 1252 2048 qua
1285 1996 1475 2036 cernitur
1507 1996 1659 2050 aliqua

132 2057 395 2105 efficientia;
426 2055 545 2109 quod
563 2066 700 2108 quum
720 2053 888 2095 duobus
909 2054 1049 2094 modis
1069 2053 1160 2094 fieri
1191 2053 1344 2107 possit,
1373 2066 1463 2094 uno
1496 2055 1658 2103 activo,

131 2115 273 2158 altero
291 2114 484 2171 passivo,
516 2111 736 2168 duplicem
773 2113 942 2166 accepit
965 2111 1056 2152 vim
1083 2110 1270 2152 dativus.
1328 2109 1487 2152 Activa
1522 2113 1657 2161 enim,

133 2175 267 2231 quain
289 2182 414 2220 veen,
434 2171 678 2213 efficientiae
698 2171 814 2211 ratio
834 2182 886 2211 ea
907 2173 991 2217 est,
1021 2182 1107 2224 qua
1142 2169 1235 2210 fieri
1272 2168 1439 2224 aliquid
1469 2181 1548 2223 per
1580 2170 1658 2223 ali÷

134 2239 267 2289 quam
304 2231 398 2272 r'em
438 2229 686 2271 indicatur:
720 2240 807 2283 qua
837 2229 884 2268 in
920 2227 1236 2280 significatione
1274 2226 1458 2267 ablativi
1497 2235 1656 2268 nomen

132 2289 337 2344 usurpari
362 2288 493 2340 malo,
525 2284 827 2335 Romanorum
849 2284 1064 2339 exemplo,
1101 2284 1219 2338 apud
1239 2296 1349 2339 quos
1369 2296 1422 2324 ea
1442 2284 1657 2336 significass

130 2347 196 2389 tio
216 2341 340 2393 suam
364 2346 451 2388 sibi
472 2345 700 2400 propriam
723 2344 912 2384 formam
934 2344 980 2383 in
1008 2342 1271 2397 quibusdam
1290 2341 1656 2383 declinationibus

132 2404 398 2455 vlndicavit:
432 2403 610 2459 passiva
643 2403 788 2443 autem
819 2401 934 2442 ratio
969 2400 1212 2442 efficientiae
1246 2403 1330 2448 est,
1361 2411 1458 2454 quae
1487 2395 1665 2455 aliquid

132 2461 224 2503 fieri
245 2461 292 2502 in
312 2474 365 2503 ea
397 2475 458 2509 re,
491 2474 586 2516 quae
621 2460 707 2500 isto
742 2471 847 2500 casu
881 2459 1151 2506 nominatur,
1185 2457 1378 2499 indicat:
1412 2470 1509 2513 quae
1543 2458 1657 2499 ratio

132 2521 313 2575 p‘r'oprie
331 2519 472 2573 dativi
490 2518 668 2559 nomine
687 2517 943 2569 insignitur.
1493 2528 1495 2530 ·

190 2577 423 2621 Ablativus
455 2589 562 2629 ergo
595 2587 730 2631 quum
764 2587 843 2628 per
879 2588 925 2615 se
963 2573 1305 2616 instrumentum
1341 2573 1537 2627 denotet,
1569 2586 1657 2629 quo

108 2642 111 2645 ’
134 2634 302 2692 aliquid
322 2635 414 2683 fiat,
446 2634 530 2677 hoc
549 2633 695 2674 minus
716 2632 806 2673 ulla
825 2632 1152 2687 praepositionis
1187 2631 1332 2687 ellipsi
1368 2640 1478 2686 opus
1500 2631 1659 2682 habet,

133 2693 251 2750 quod
271 2696 326 2734 n'e
345 2691 615 2746 construitur
634 2690 812 2745 quidem
832 2703 931 2730 cum
962 2690 1042 2731 hoc
1073 2703 1174 2730 casu
1206 2689 1252 2731 in
1284 2688 1439 2732 Graeco
1457 2701 1656 2732 sermone

131 2747 226 2794 ulla
240 2750 515 2808 praepositio.
577 2746 724 2796 Quare
758 2748 957 2802 ineptum
984 2750 1066 2795 est,
1096 2748 1152 2788 ad
1172 2747 1298 2796 talia,
1327 2748 1533 2789 πατάσσειν
1558 2748 1654 2802 ῥάβ-

132 2809 201 2866 δῴ,
231 2812 342 2853 νοσεῖν
365 2809 470 2865 νόσῳ,
503 2806 666 2862 χαῖρειν,
697 2805 903 2862 ἀκμάζειν,
935 2802 1124 2860 πρίασθαί
1157 2822 1241 2855 τινι,
1273 2804 1406 2854 ais-uoti&
1423 2808 1571 2859 τεύχεα
1591 2798 1750 2859 &fd-[1152

131 2885 207 2916 ναι,
227 2869 336 2924 olm,
352 2863 516 2922 σπὸυδῇ,
548 2867 593 2905 et
613 2862 710 2920 quae
729 2868 832 2904 sunt
865 2864 1045 2911 similia,
1077 2862 1139 2904 ἐπὶ
1159 2863 1226 2906 vel
1247 2862 1332 2920 «περὶ
1352 2863 1420 2905 vel
1443 2861 1505 2903 σὺν
1526 2861 1656 2916 intel-

130 2924 286 2983 ligere²
317 2924 434 2985 quod
466 2923 613 2983 placet
644 2921 731 2973 his,
766 2923 843 2981 qui
876 2922 1042 2981 ubique
1085 2921 1263 2978 ellipsin
1291 2921 1468 2967 odorari
1498 2920 1662 2975 sclent,
