1838 3164
631 142 695 182 IN
721 138 923 182 GRAEGA
950 138 1174 183 LINGUA.
1569 132 1653 178 197

200 249 350 307 Magis
385 253 624 310 impeditus
657 258 725 296 est
752 253 857 296 usus
890 255 1137 310 negationis
1168 254 1231 297 οὕς
1262 267 1358 311 quae
1389 253 1567 309 quidem
1595 254 1647 296 in

141 311 307 354 talibus
325 313 555 367 exemplis,
573 313 764 354 οὐκέστιν
796 313 927 361 οὐδεὶς,
960 324 1095 367 quum
1130 314 1308 368 proprie
1340 313 1550 366 augendae
1579 313 1647 354 rei

141 367 369 418 inserviat,
389 370 610 411 interdum
640 371 703 411 sic
730 375 984 425 usurpatur,
1003 374 1053 412 ut
1086 383 1176 412 una
1204 372 1383 423 negatio
1410 371 1518 412 satis
1554 371 1646 417 sit;

140 425 285 468 sedin
307 427 497 469 formula
514 428 575 477 μὴ
604 427 646 468 οὓ
665 430 782 468 recte
813 427 1073 482 explicanda
1090 428 1246 482 saepius
1263 428 1460 469 videmus
1496 429 1646 470 doctos

140 482 339 526 homines
358 498 538 527 errasse.
597 483 705 532 Quae
724 486 890 527 voculae
914 486 1055 539 quum'
1077 486 1254 541 proprie
1280 498 1335 527 ne
1363 498 1466 533 non,
1502 487 1548 527 id
1578 487 1648 526 est

135 547 199 590 ut,
220 541 477 595 significent,
499 543 658 585 mirum
692 547 759 584 est
788 547 954 592 tamen,
984 556 1058 585 eas
1077 543 1297 585 interdum
1327 543 1391 584 sic
1417 542 1645 598 usurpari,

136 601 190 640 ut
229 601 486 653 negationes
520 612 608 642 non
638 600 870 642 videantur
901 615 994 643 sese
1026 602 1211 643 invicem
1241 601 1407 642 tollere.
1486 599 1546 642 At
1579 599 1647 640 vi-

135 655 296 698 dentur
325 660 523 700 tantum:
554 671 604 700 re
631 671 736 700 vera
763 672 889 701 suam
908 659 995 701 sibi
1023 660 1247 714 propriam
1276 660 1447 700 servant
1478 657 1647 711 signifi-

135 714 365 756 cationem.
441 714 578 757 Recte
616 717 663 757 in
698 714 922 770 Euripidis
960 715 1117 758 Oreste
1163 729 1205 758 v,
1250 714 1351 758 766.
1397 715 1647 757 emendavit

136 767 403 820 -Brunekius,
434 771 517 815 Μῆ
541 776 584 814 οὐ
605 775 757 822 λάβωσί
784 776 818 814 α’
853 776 1019 823 ἄσμενοι,
1048 787 1103 815 ne
1137 779 1179 816 te
1205 787 1293 817 non
1322 772 1536 830 eoecipiant
1548 770 1645 828 pla-

136 825 249 876 aide,
282 842 418 884 quum
433 830 475 871 οἱ)
494 831 550 871 ab
568 832 759 873 librariis
778 832 987 873 omissum
1006 835 1134 877 esset.
1165 830 1251 873 Sed
1263 831 1405 874 eidem
1424 829 1648 872 Brunckio

133 896 222 926 non
259 887 391 929 semel
421 887 487 928 hae
523 890 749 942 particulae
778 890 977 930 fraudem
1004 889 1215 942 fecerunt,
1243 893 1294 931 ut
1331 891 1378 930 in
1413 887 1646 944 Sophoclis

135 939 362 996 Antigona
381 958 425 986 v.
446 945 518 987 33.
572 944 656 986 Καὶ
672 946 774 1002 δεῦρο
793 945 950 995 νεῖσθαι,
985 952 1113 989 ταῦτα
1131 950 1212 988 τοῖς
1229 947 1290 996 μὴ
1316 949 1384 987 οὐκ
1398 945 1506 987 εἰδόσι
1526 944 1645 998 Σαφῆ
1653 952 1740 1000 213

131 1001 435 1057 προκηρύξοντα.
494 1002 570 1045 Sic
601 1005 880 1058 ille'quidem
914 1005 1070 1053 edidit,
1098 1018 1236 1058 quum
1264 1004 1368 1045 libri
1389 1016 1540 1045 omnes
1566 1005 1648 1043 τοῖς

131 1056 201 1103 μὴ’
231 1058 338 1100 εἰδόσι
373 1061 633 1115 praeberent.
694 1062 948 1110 Schaefero,
978 1063 1137 1104 vitium
1165 1062 1390 1113 sentienti,
1418 1062 1468 1102 in
1506 1058 1647 1101 Mele-

131 1116 236 1156 tem.
269 1117 367 1159 crit.
398 1131 443 1172 p.
480 1118 573 1161 108.
606 1119 881 1161 scribendum
909 1119 1153 1168 videbatur,
1183 1123 1262 1160 τοῖς
1301 1121 1369 1160 οὐκ
1403 1118 1525 1159 εἰδόσι.
1582 1116 1648 1159 At

131 1176 296 1230 quanto
323 1175 465 1217 lenius
502 1181 548 1218 et
576 1178 677 1219 usui
706 1177 1077 1219 accommodatius
1105 1177 1267 1218 scribes
1296 1179 1389 1216 τοῖσι
1410 1173 1472 1223 μὴ
1502 1174 1646 1216 εἰδόσιν.

131 1225 379 1274 Brunckius
405 1234 585 1286 quidem
615 1247 751 1290 quum
784 1236 933 1283 sciret,
952 1232 1013 1282 μὴ
1044 1234 1087 1274 οὒ
1120 1247 1235 1288 saepe
1265 1233 1512 1286 significare
1540 1230 1648 1279 nisi,

63 1313 66 1320 .
130 1283 215 1327 boc
230 1289 379 1330 tamen
406 1301 494 1330 non
528 1293 919 1338 animadverterat,
954 1291 1031 1332 ubi
1052 1291 1112 1339 μὴ
1131 1291 1188 1337 οἱ),
1217 1295 1263 1332 et
1289 1291 1367 1332 ubi
1386 1286 1651 1344 simpliciter

130 1342 192 1387 us
209 1343 441 1387 dicendum
460 1353 591 1389 esset.
651 1347 701 1389 Id
721 1350 836 1403 quod
858 1350 994 1390 etiam
1024 1347 1262 1389 Schaefero
1291 1347 1466 1394 accidit,
1497 1347 1573 1401 qui
1593 1358 1650 1388 eo

127 1399 238 1447 loeo,
258 1413 387 1456 quem
413 1404 620 1452 indicavi,
641 1418 722 1458 pro
741 1406 802 1453 μὴ
822 1406 865 1446 οἱ)
889 1404 980 1446 nisi
1009 1405 1282 1458 significante
1311 1405 1448 1446 etiam
1479 1404 1650 1456 simpli-

129 1456 242 1498 citer
260 1458 322 1504 μὴ
340 1459 426 1500 dici
459 1465 600 1514 putat.
661 1460 710 1502 Id
744 1462 860 1516 quod
894 1463 1014 1502 nullo
1046 1466 1178 1516 pacto
1208 1462 1302 1502 fieri
1337 1465 1500 1514 potest.
1561 1459 1651 1502 Sed

130 1518 181 1555 ut
216 1516 514 1566 ostendamus,
556 1519 663 1572 quid
707 1520 796 1560 haec
839 1518 1061 1566 differant,
1106 1531 1177 1561 res
1206 1518 1380 1572 longius
1409 1518 1652 1572 repetenda

130 1574 213 1613 est.
923 1609 927 1613 .
1187 1593 1192 1602 ι

187 1626 451 1673 Continet-,ur
484 1636 634 1674 autem
667 1634 809 1674 omnis
839 1634 994 1687 harum
1023 1634 1309 1685 negationum
1333 1646 1439 1674 usus
1458 1645 1550 1674 una
1580 1646 1651 1674 re-

129 1687 249 1739 gula,
281 1688 358 1729 sed
379 1702 431 1730 ea
450 1691 549 1737 tali,
580 1703 678 1743 quae
696 1692 843 1744 plures
861 1691 1179 1745 complectatur
1197 1691 1308 1732 alias
1335 1690 1522 1742 regulas.
1582 1687 1652 1745 Ea

129 1747 282 1798 regula
301 1745 480 1788 haecest.
543 1745 649 1789 Cum
667 1747 937 1803 conjunctivo
963 1754 1004 1789 et
1034 1747 1227 1803 optativo
1252 1754 1293 1789 et
1307 1745 1569 1796 indicativo,
1588 1746 1650 1789 ad

127 1814 215 1843 rem
244 1815 341 1844 cum
355 1802 624 1846 dubitatione
642 1805 954 1860 affirmandam,
985 1805 1044 1852 μή
1064 1819 1075 1851 ;
1107 1805 1166 1846 ad
1189 1804 1432 1860 negandam
1450 1817 1543 1845 cum
1570 1803 1648 1846 du-

127 1857 351 1908 bitatione,
384 1862 444 1908 μῆ
465 1861 507 1902 οὒ
537 1861 723 1903 dicitur:
763 1874 856 1902 cum
870 1860 1090 1913 infinitivo
1114 1867 1259 1902 autem
1278 1866 1320 1901 et
1337 1859 1577 1916 participio
1606 1867 1650 1904 et

69 1952 74 1957 .
128 1914 397 1971 inperativo,
428 1917 487 1960 ad
513 1932 601 1959 rem
639 1925 747 1960 certo
777 1916 1032 1973 negandam,
1066 1918 1158 1965 μής
1203 1917 1262 1958 ad
1290 1924 1400 1958 certo
1435 1917 1648 1974 affirman-

129 1973 244 2022 dam,
273 1974 335 2023 μὴ
372 1975 415 2017 οὒ
443 1981 684 2032 usurpatur.
745 1972 837 2016 Cur
876 1975 1032 2016 harum
1070 1975 1389 2029 particularum
1430 1988 1536 2017 usus
1564 1988 1648 2029 pro

129 2033 252 2073 verbi
273 2033 443 2082 formis,
480 2047 574 2088 quae
594 2034 649 2074 iis
670 2033 988 2086 adjunguntur,
1013 2032 1212 2073 diversus
1232 2033 1308 2080 sit,
1329 2044 1423 2073 rem
1443 2035 1647 2075 accurate

128 2090 428 2133 consideranti
457 2103 544 2132 non
577 2094 725 2145 potest
753 2090 986 2131 obscurum
1016 2102 1121 2130 esse.
1179 2089 1310 2131 Nam
1342 2103 1478 2145 quum
1507 2091 1647 2144 parti-

127 2149 228 2189 cula
246 2149 325 2197 μνὶι,
345 2152 397 2190 ut
416 2149 524 2189 alibi
554 2149 964 2194 demonstravimus,
1000 2147 1224 2200 negationi
1259 2148 1552 2201 exprimendae
1580 2148 1647 2189 in-

129 2206 307 2254 serviat,
341 2219 474 2261 quam
509 2205 763 2260 philosophi
793 2205 1084 2258 subjectivam
1106 2207 1286 2252 vocant,
1318 2205 1363 2245 id
1392 2208 1476 2254 est,
1507 2218 1644 2261 quum
1654 2214 1743 2260 214

128 2263 310 2310 indicet,
331 2276 412 2305 nos
431 2263 598 2319 aliquid
627 2276 727 2304 cum
763 2263 995 2315 negatione
1022 2262 1237 2314 cogitare,
1268 2262 1357 2303 sive
1389 2263 1434 2303 id
1470 2276 1519 2304 re
1548 2264 1646 2317 ipsa

127 2321 411 2373 negationem
429 2322 672 2367 contineat,
702 2321 794 2361 sive
823 2333 912 2360 non
929 2319 1181 2361 contineat:
1212 2319 1432 2373 duplicem
1466 2333 1645 2363 necesse

128 2381 198 2419 est
216 2378 346 2431 huJus
363 2379 592 2433 particulae
622 2391 752 2419 usum
786 2390 880 2418 esse
909 2390 990 2431 pro
1017 2377 1183 2431 duplici
1216 2377 1464 2419 conditione
1494 2379 1644 2420 modo-

128 2447 227 2476 rum
247 2435 383 2476 verbi.
442 2435 605 2477 Eorum
623 2440 713 2477 tres
747 2436 793 2475 in
811 2447 946 2476 unam
979 2436 1160 2476 classem
1190 2435 1468 2487 conjicimus,
1499 2436 1643 2477 infini-

127 2493 285 2540 tivum,
305 2494 607 2547 participium,
641 2497 687 2534 et
721 2493 1057 2546 imperativum:
1091 2505 1276 2546 quorum
1300 2492 1544 2534 infinitivus
1563 2505 1644 2535 nu-

129 2548 233 2590 dam
253 2550 476 2592 notionem
495 2551 698 2597 actionis,
729 2550 1013 2604 participium
1045 2549 1205 2590 nudam
1224 2549 1450 2590 notionem
1469 2552 1644 2604 agentis

126 2609 336 2649 continet.
398 2606 484 2649 His
509 2621 614 2661 ergo
634 2608 672 2648 si
702 2609 881 2660 negatio
902 2607 1147 2660 subjectiva
1166 2606 1226 2655 μὴ
1246 2607 1439 2655 additur,
1468 2620 1523 2649 ea
1553 2621 1644 2650 non

126 2669 274 2719 potest
292 2666 426 2706 aliam
444 2666 535 2706 vim
555 2666 732 2712 habere,
752 2677 886 2719 quam
904 2668 955 2705 ut
974 2666 1198 2706 notionem
1225 2666 1319 2706 sive
1339 2665 1523 2706 actionis
1551 2665 1644 2706 sive

130 2724 305 2775 agentis
321 2724 581 2777 simpliciter
606 2723 703 2764 tolli
732 2722 999 2774 cogitatione
1033 2721 1210 2763 indicet.
1269 2720 1424 2777 Itaque
1460 2721 1521 2770 μὴ
1554 2721 1642 2776 δρᾷν

129 2778 310 2828 dicitur,
340 2781 379 2820 si
399 2782 498 2835 quis
517 2793 604 2822 non
629 2780 776 2821 facere
796 2780 963 2835 aliquid
991 2779 1228 2832 cogitatur,
1249 2791 1385 2832 quum
1405 2783 1447 2820 οὒ
1467 2778 1552 2833 δρᾷν
1582 2779 1643 2819 sit

130 2849 291 2879 revera
315 2850 401 2878 non
419 2837 598 2895 facere;
628 2837 688 2885 μὴ
709 2836 817 2892 δρῶν,
849 2851 980 2893 quem
1013 2850 1099 2879 non
1134 2837 1278 2878 facere
1310 2836 1479 2892 aliquid
1507 2836 1641 2876 sumi-

130 2905 246 2943 mus,
265 2908 399 2948 quum
418 2899 459 2937 οὐ
471 2897 562 2951 δρῶν
591 2897 667 2942 sit,
689 2896 764 2950 qui
783 2908 831 2936 re
852 2908 956 2937 vera
975 2894 1144 2951 aliquid
1169 2907 1257 2936 non
1281 2895 1401 2936 facit.
1460 2891 1643 2935 Accedit

131 2963 220 2997 non
234 2955 332 3003 tam
348 2958 532 3011 propter
551 2953 887 3000 similitudinem
905 2966 1006 2998 cum
1036 2954 1124 3005 his,
1144 2965 1278 3009 quam
1307 2954 1487 3010 propter
1515 2950 1643 2996 dissi-
