1838 3164
213 138 263 181 16
453 184 455 186 ,
735 153 928 188 ELLll’Sls
949 150 1181 187 NOMINUM.

129 246 132 250 ’
205 251 280 293 Ἐκ
301 251 397 298 τῐος
416 257 562 297 autem
577 254 690 297 dixit
706 256 820 297 idem
844 257 889 298 in
921 254 1022 297 Hel.
1041 269 1083 296 v.
1107 249 1230 293 1286.
1291 247 1359 290 De
1378 262 1533 292 caussa
1551 254 1716 301 autem,

204 323 338 363 quam
353 313 520 361 dicunt,
541 313 660 354 finali
682 314 762 355 hoc
782 316 877 356 loco
899 326 992 354 esse
1011 320 1255 353 sermonem
1277 305 1469 357 Menelai
1488 311 1717 364 responsio

202 370 378 423 probat.
411 369 596 412 BEaNn.
803 396 815 404 μ

259 425 288 452 '¹¹‘
316 425 367 468 In
398 428 443 468 τὸ
476 429 592 482 apud
623 426 865 469 Homerum
885 426 1011 468 Iliad.
1042 423 1102 465 H.
1125 436 1167 464 v.
1195 420 1295 464 239.
1326 420 1439 464 Item
1459 423 1504 464 in
1526 428 1580 479 τῷ
1599 425 1717 479 apud

203 484 402 526 eumdem
435 483 589 539 Odyss.
619 484 670 526 T.
691 499 732 527 v.
757 485 847 525 134.
908 484 1039 524 Plene
1062 481 1122 522 ἐπὶ
1144 483 1266 536 τούτῳ
1286 481 1408 538 ᾳῖτίῳ.
1468 479 1519 522 In
1542 480 1594 521 διὸ
1614 494 1717 524 con-

201 543 341 582 tracte
358 555 436 595 pro
456 542 502 616 31<
522 541 684 583 3R0m.
707 555 750 582 x.
770 541 839 582 22.
874 539 924 581 In
947 541 1037 593 ὑπὲρ
1054 539 1156 585 ὅτου,
1189 536 1314 592 cujus
1326 536 1393 579 rei
1407 551 1574 587 caussa,
1595 539 1717 593 apud

198 595 492 640 Themistium
528 598 652 640 Orat.
678 599 802 640 xviii.
833 611 877 653 p.
900 595 999 638 222.
1024 594 1075 637 Β.
1108 608 1188 649 pro
1200 606 1297 649 'quo
1317 595 1431 636 idem
1453 597 1563 638 dicit
1585 595 1713 639 Orat.

200 656 293 697 xxi.
308 668 351 710 p.
371 655 470 698 245.
494 652 545 697 G.
569 651 655 697 ὅτοι)
675 655 788 696 ἕνεκα.
850 653 1014 695 Eadem
1044 651 1224 708 Ellipsis
1257 653 1374 707 apud
1393 651 1578 696 Latinos
1604 667 1715 709 quo-

200 724 286 765 que
322 714 530 756 obtinuit.
591 712 742 755 Cicero
779 713 833 754 de
871 710 1014 752 Finib.
1050 711 1129 752 lib.
1172 711 1202 751 i.
1242 723 1339 765 cap.
1387 710 1452 753 10.
1487 710 1608 759 Quid
1637 717 1714 761 est,

200 769 400 822 (caussae)
420 784 494 812 cur
513 765 657 812 v'erear
676 774 759 811 etc.
823 767 956 810 Plene
989 769 1226 810 Terentius
1246 767 1386 809 Andr.
1419 769 1486 811 iii.
1507 782 1566 812 sc.
1592 769 1636 811 3.
1668 783 1712 812 V.

197 826 282 872 21>
306 826 426 874 Quid
443 841 597 870 caussae
625 833 700 875 est,
734 824 839 882 quin
868 829 956 867 etc.
1016 825 1112 868 Nee
1146 826 1293 866 minus
1325 826 1371 867 in
1401 827 1593 880 eleganti
1625 827 1716 868 for-

198 876 334 933 mula,
358 889 397 926 τί
407 888 510 942 «yoe'p;
542 885 715 927 Graecos
735 885 897 925 imitati
919 885 1102 925 fuerunt
1122 881 1328 924 Romani.
1390 882 1468 926 Sic·
1494 882 1713 927 Horatius

197 940 290 983 Sat.
322 944 400 983 lib.
433 945 462 984 i.
493 948 576 984 sat.
611 943 637 983 i.
669 941 711 983 7.
745 939 865 988 Quid
894 941 1045 982 enim?
1076 939 1357 983 concurritur.
1391 939 1602 984 Phaedrus
1633 943 1712 984 lib.

197 999 263 1040 iii.
295 1001 390 1042 viii,
414 1000 456 1042 8.
510 993 767 1056 Accipienss
794 997 901 1054 quid
936 997 1085 1040 em'm?
1117 988 1269 1040 cuncta
1303 997 1353 1040 in
1392 998 1709 1042 contumeliam.

195 1053 287 1097 Ubi
322 1058 500 1109 quidem
531 1057 865 1104 observandum,
895 1070 976 1111 pro
1009 1060 1240 1099 contextus
1260 1057 1464 1104 ratione,
1504 1069 1628 1111 aeque
1659 1057 1714 1099 ai:

194 1115 308 1167 apud
331 1113 520 1162 Graecos,
552 1116 680 1156 modo
703 1114 747 1155 τὸ
763 1114 895 1163 αἴτιον,
914 1126 1081 1162 caussa,
1118 1115 1248 1155 modo
1276 1112 1393 1162 ἄλλο,
1428 1112 1570 1164 aliud,
1595 1127 1712 1156 com-

193 1171 318 1212 mode
338 1172 579 1217 subaudiri.
612 1171 828 1213 ScnwEB.

603 1245 630 1272 ἑὲ
649 1245 941 1296 ΑΙΩΝΙΟΣ,
973 1243 1296 1289 AETERNUS.
1349 1265 1352 1271 ·

247 1311 299 1355 In
320 1312 606 1359 Zm'1.Joann.
630 1314 725 1355 viii.
754 1313 817 1355 12.
852 1312 1119 1355 SCHOETTG.

660 1387 687 1414 ἢ*
717 1386 999 1436 ΑΚΟΙΤΙΣ,
1036 1385 1214 1429 UXOR.

247 1451 299 1495 In
329 1452 511 1495 Hesiodi
544 1452 664 1502 Θεοογ.
699 1467 738 1495 v.
774 1451 873 1495 610.
902 1452 939 1494 ὃς
962 1452 1001 1494 δέ
1030 1471 1071 1494 κε
1104 1455 1234 1508 τέτμῃ
1262 1455 1488 1509 ἀταρτηροῖο
1509 1450 1708 1502 «γενέθλης.

189 1508 350 1553 Verte:
385 1510 474 1558 Qui
493 1524 588 1553 vero
618 1510 800 1568 adeptus
826 1509 965 1566 fuerit
994 1524 1177 1552 uxorem
1211 1508 1403 1552 nocentis
1439 1509 1705 1554 nativitatis.

189 1568 334 1611 Antea
352 1584 393 1612 V.
418 1569 513 1611 608.
533 1569 660 1612 κεδνὴν
673 1570 785 1622 ’ἔσχεν
806 1559 958 1610 gnon-tv.
1019 1567 1070 1609 F.
1093 1568 1170 1610 ST.

594 1644 622 1671 *ἵ
649 1642 933 1691 ΑΚΟΎΩΝ,
954 1641 1240 1685 AUDIENS.

247 1710 481 1764 Sophocles
502 1709 575 1764 Aj.
598 1724 641 1752 v.
663 1708 764 1751 790.
782 1709 824 1753 ἦν
846 1708 1028 1764 (πρᾶξιν)
1057 1708 1202 1758 ‘heymo’
1233 1709 1324 1757 ἐγώ.
1385 1707 1634 1750 Brunekius
1651 1708 1708 1750 ad

189 1767 232 1808 h.
250 1769 283 1809 l:
310 1774 339 1793 “
364 1780 518 1822 nempe
549 1770 701 1808 ἀκούων.
761 1766 836 1808 Sic
857 1769 903 1808 in
924 1765 1112 1808 Philoct.
1149 1765 1272 1807 1314.
1334 1764 1458 1810 ’ἥσθην
1477 1769 1626 1822 πατέρα
1643 1765 1707 1807 τὸν

188 1825 276 1873 ἐμὸν
306 1827 531 1875 εὐλογοῦνταὲ
562 1844 617 1873 σε,
650 1824 939 1879 supplendum
974 1829 1042 1865 est
1075 1824 1263 1865 ἀκούων.”
1324 1821 1390 1865 Ut
1423 1824 1567 1865 fatear
1587 1823 1708 1878 quod

189 1883 348 1930 sentio,
365 1884 643 1924 vehementer
672 1883 877 1936 displicet
912 1883 1001 1923 haec
1035 1883 1167 1929 ratio,
1207 1882 1428 1935 planeque
1457 1882 1571 1922 nihil
1605 1881 1705 1922 sub-

189 1941 452 1981 audiendum
488 1942 704 1982 arbitror:
747 1940 950 1992 idemque
988 1940 1245 1988 tenendum,
1277 1939 1417 1980 sicubi
1447 1939 1504 1980 ad
1539 1939 1707 1980 similia

189 1996 272 2037 ἰδὼν
291 1998 515 2039 subaudiri
535 2000 700 2039 volunt.
721 2000 851 2046 ἀλγεῖν
882 2011 981 2039 cum
1011 1999 1261 2039 accusativo
1296 1997 1465 2050 passim
1497 1996 1703 2038 occurrit.

188 2052 407 2096 Diodorus
441 2054 575 2096 Sicul.
599 2057 687 2097 xiv.
709 2069 746 2096 c.
770 2055 865 2097 112.
898 2060 1008 2096 extr.
1042 2055 1127 2096 τοὺς
1143 2054 1393 2102 ἀλὙήσαντας
1405 2053 1476 2096 τὴν
1499 2054 1707 2108 συμφοράν.

190 2109 327 2165 [Ibid.
349 2125 448 2153 mox
469 2114 553 2166 leg.
578 2112 876 2169 Spmvimvvoes]
908 2113 980 2154 Sic
1001 2117 1046 2154 et
1075 2110 1244 2157 ἥδεσθαι.
1306 2109 1408 2152 Vid.
1432 2108 1702 2163 Wesseling.

187 2168 243 2209 ad
264 2167 471 2212 Herodot.
500 2184 544 2223 p.
567 2170 667 2212 212.
689 2170 761 2212 36.
796 2192 800 2198 ·
821 2170 871 2212 In
892 2170 1092 2225 Euripid.
1113 2170 1276 2222 fragm.
1306 2167 1485 2209 Danaes
1507 2168 1566 2210 iv.
1599 2169 1704 2210 scri-

187 2225 377 2268 bendum
397 2229 593 2281 suspicor
613 2243 623 2268 :
961 2256 967 2263 -

350 2284 499 2325 ‘'OM-ts·
521 2285 653 2334 δόμους
661 2286 730 2334 μὲν
749 2286 879 2330 ’ἥδεται
899 2286 1199 2341 πληρουμένους.

185 2341 283 2381 coll.
300 2341 459 2384 Stobaei
480 2341 684 2396 Florileg.
707 2344 834 2385 Grot.
858 2358 902 2398 p.
929 2343 999 2384 91.
1019 2342 1122 2384 525.
1153 2340 1432 2393 Quamquam
1455 2353 1543 2381 non
1570 2352 1702 2393 nego,

186 2397 435 2451 hujusmodi
475 2400 710 2455 participia
739 2403 979 2456 saepissime
1019 2400 1139 2442 addi.
1200 2397 1303 2440 Vid.
1340 2396 1606 2439 Valckenar.
1645 2398 1706 2455 ad
1728 2429 1736 2435 „

187 2453 398 2498 Herodot.
422 2457 451 2497 1.
469 2472 506 2499 c.
530 2457 732 2501 SanEF.
1042 2479 1045 2482 μ
1442 2454 1445 2457 ’

610 2534 633 2557 *
667 2531 955 2581 ΑΚΡΙΔΕΣ,
977 2530 1278 2574 LOCUSTAE.

240 2593 370 2649 Apud
400 2595 626 2651 Aristoph.
659 2597 849 2639 Acharn.
884 2612 923 2638 v.
958 2597 1058 2638 871.
1091 2594 1478 2653 τετραπτερυλλίδες,
1513 2593 1701 2636 subaudi

183 2652 343 2707 ἀκρίδες,
365 2654 568 2695 dicuntur
590 2656 782 2702 locustae,
805 2656 910 2710 παρὰ
941 2655 984 2695 τὸ
1015 2655 1048 2694 δ’
1065 2657 1167 2708 ’ἔχειν
1195 2653 1358 2709 ωτεροὶ,,
1381 2650 1497 2709 quod
1517 2656 1703 2708 quatuor

182 2708 267 2750 alis
301 2709 515 2752 instructae
542 2717 658 2763 sunt.
730 2711 893 2753 LmsN.
955 2711 1112 2754 Ionum
1143 2713 1372 2766 propriam
1401 2712 1515 2752 hanc
1548 2721 1701 2751 vocem

181 2766 289 2809 dicit
310 2767 551 2822 Gregorius
569 2783 613 2823 p.
632 2767 732 2815 257.
756 2770 831 2810 ubi
853 2770 940 2810 vid.
962 2768 1091 2811 Koen.
1154 2769 1350 2811 Sexum.
1507 2771 1519 2781 ⁴⁴

236 2825 264 2851 ¹*
293 2823 344 2866 In
382 2828 588 2875 καλαμαίσι
613 2826 728 2881 apud
764 2825 1046 2869 Theocritum
1076 2826 1141 2868 Id.
1178 2840 1231 2867 x.
1258 2840 1299 2867 v.
1340 2823 1405 2866 18.
1442 2816 1701 2881 χροῗζεται“ἆ

175 2884 396 2981 ἒαλαμαία.
436 2885 514 2927 ubi
535 2883 614 2927 Gr.
655 2884 792 2927 schol.
822 2885 901 2926 ’ἐστι
941 2884 980 2926 δὲ
1016 2884 1122 2942 cingis
1151 2886 1186 2926 ἐν
1223 2889 1276 2942 τῇ
1313 2883 1480 2938 καλάμῃ
1511 2881 1698 2931 «γινομένω.

212 2952 392 2984 cnwnn.
