1838 3164
379 512 382 515 ,
626 427 1271 540 ΡΒἈΕΡΑΤΙΟΙ

345 581 749 663 eoDoFREm
783 572 1076 638 HENRIC'I
1113 554 1518 638 scHAEFERI.

204 840 290 867 ἷὲῗὶι)
328 845 343 866 ι’

178 958 325 1042 nm
346 989 624 1039 inz;tasbernis
647 991 842 1041 librariis
872 991 1125 1034 desiderata
1153 994 1280 1032 erant
1312 985 1694 1044 exemplariaBo-

175 1045 646 1103 sianivdegEllipsibus
677 1048 842 1092 Graeoeae·
860 1048 1042 1102 Linguae
1072 1050 1211 1096 libelli
1246 1061 1275 1090 a
1307 1047 1496 1090 Nicolao
1517 1046 1695 1089 Schwe-

175 1102 308 1153 belio,
336 1105 434 1146 viro
453 1106 768 1154 eruditissimo,
798 1111 902 1148 ante
925 1107 1003 1148 hos
1016 1107 1313 1159 quadraginta
1331 1109 1521 1158 quatuor
1556 1116 1697 1146 annos

175 1159 485 1216 Norimbergae
500 1165 610 1206 editi
621 1168 653 1205 ².
715 1163 861 1211 Quam
876 1164 1131 1215 editionem,
1164 1165 1330 1217 insigni
1352 1163 1581 1204 hominum
1601 1161 1699 1203 doc-

173 1221 335 1269 mm
353 1222 521 1275 plausuv
538 1220 726 1274 'ubique
769 1226 1016 1277 exceptam,
1064 1233 1164 1264 cum
1201 1220 1442 1267 Praefectus
1481 1218 1701 1262 Librariae

172 1273 569 1330 Weidmannianae,
600 1283 798 1328 cessante
832 1292 910 1333 per
942 1280 1118 1332 longam
1138 1291 1350 1321 annorum
1371 1278 1529 1319 seriem
1554 1290 1700 1331 spem·

171 1345 261 1387 que
279 1330 575 1386 studiosorum
595 1337 728 1391 plane
746 1336 992 1384 frustrante
1021 1335 1380 1389 Norimbergensi
1415 1335 1610 1385 librario,
1644 1348 1701 1379 ne

172 1388 506 1443 diutiusstudia
523 1394 792 1449 philologica
813 1395 895 1435 hoc
930 1395 1224 1436 instrumento
1249 1396 1466 1440 carerent,
1496 1392 1700 1446 typisre-

170 1455 322 1504 petere
334 1453 643 1501 constituisset
662 1466 673 1493 :
706 1465 735 1492 a
754 1464 824 1493 me
842 1453 991 1506 petiit,
1007 1456 1060 1493 ut
1079 1463 1167 1493 non
1189 1452 1320 1492 modo
1341 1462 1466 1498 novae
1487 1449 1698 1491 *editionis

170 1519 337 1560 miram,
361 1522 454 1562 qua
486 1509 740 1565 typothetae
772 1514 1009 1564 spectaret,
1040 1509 1327 1564 susciperem,
1359 1508 1436 1557 sed
1476 1508 1614 1549 etiam
1657 1508 1696 1549 si

169 1567 515 1620 quid-haberem,
545 1568 661 1621 quod
692 1568 892 1623 priorum
921 1566 1305 1609 observationibus
1330 1565 1554 1607 editorum
1574 1577 1698 1608 acce-

171 1622 274 1673 dere
290 1638 420 1680 posse
439 1625 678 1673 videretur,
707 1639 811 1667 cum
840 1626 932 1667 illis
964 1626 1248 1678 conjunctum
1268 1625 1436 1679 publici
1468 1623 1585 1676 juris
1633 1623 1699 1664 fa-

170 1694 349 1734 cerem„
391 1681 526 1724 Haud
544 1688 726 1736 gravate
747 1683 940 1725 honestis
958 1683 1043 1724 viri
1062 1683 1219 1737 optimi
1239 1695 1291 1724 ac
1321 1682 1375 1723 de
1402 1681 1546 1723 literis
1565 1681 1695 1722 bonis

171 1741 384 1793 praeclare
402 1742 608 1784 merentis
628 1741 832 1796 precibus
851 1741 1004 1782 annui.
1063 1739 1168 1782 Jam
1202 1753 1303 1782 cum
1334 1739 1448 1780 liber
1480 1739 1529 1779 in
1547 1752 1601 1780 eo
1621 1740 1700 1786 sit,

173 1800 224 1839 ut
241 1798 289 1840 in
305 1799 446 1849 lucem
465 1799 664 1853 prodeat,
694 1799 800 1855 quid
820 1799 930 1840 mihi
952 1798 1035 1840 hoc
1054 1799 1101 1839 in
1116 1811 1247 1853 opere
1267 1797 1545 1852 propositum
1563 1796 1701 1838 fuerit

174 1855 366 1910 quidque
388 1855 618 1905 effecerim,
648 1856 933 1902 indicandum
955 1861 1040 1897 est.

229 1911 296 1955 Ac
314 1914 506 1968 primum
536 1914 716 1968 quidem
750 1927 804 1955 ex
838 1927 886 1955 re
918 1913 1088 1954 librarii
1119 1913 1263 1954 visum
1297 1916 1366 1954 est
1401 1912 1570 1960 omnia,
1599 1922 1699 1963 quae

172 1967 435 2012 Schwebelii
458 1971 595 2012 editio
624 1974 812 2019 teneret,
844 1970 1016 2024 integra
1043 1970 1303 2023 illibataque
1323 1970 1515 2011 reddere.
1576 1967 1698 2011 Nam

174 2025 259 2068 etsi
276 2028 478 2083 ‚propius
516 2042 613 2070 eam
643 2029 897 2083 inspicienti
938 2041 1025 2070 non
1063 2041 1208 2083 pauca
1247 2029 1545 2078 occurrebant,
1596 2040 1695 2081 quae

112 2096 114 2098 ·
174 2083 284 2129 mihi
305 2086 483 2138 quidem
503 2099 660 2140 parum
681 2088 992 2141 probarentur,
1024 2086 1231 2127 nonnulla
1258 2085 1409 2134 etiam,
1434 2099 1549 2139 quae,
1579 2086 1616 2126 si
1638 2085 1696 2126 ad

172 2153 313 2185 meum
326 2156 396 2184 res
415 2144 649 2185 arbitrium
680 2144 898 2192 rediisset,
930 2144 1049 2185 haud
1068 2147 1325 2186 cunctanter
1340 2144 1563 2185 deleturus
1583 2143 1696 2184 fuis-

171 2210 288 2241 sem:
320 2202 387 2242 tot
407 2205 556 2242 tamen
577 2202 766 2243 calculos
786 2202 909 2242 labor
929 2202 1011 2242 viri
1040 2202 1281 2243 doctissimi
1313 2202 1495 2248 tulerat,
1526 2201 1695 2252 talique

171 2257 388 2306 convicio,
420 2258 466 2299 id
484 2259 602 2311 quod
634 2261 768 2301 certis
803 2260 910 2299 mihi
949 2259 1124 2301 indiciis
1144 2260 1361 2306 constitit,
1393 2272 1420 2300 a
1441 2259 1599 2305 Sosiis,
1631 2259 1697 2298 in-

171 2315 328 2367 primis
348 2319 472 2357 extra
493 2316 798 2364 Germaniam,
830 2318 999 2370 integer
1020 2329 1160 2370 neque
1192 2317 1284 2358 ulla
1316 2317 1387 2357 sui
1409 2321 1535 2371 parte
1555 2315 1696 2356 defec-

173 2374 249 2420 tus
265 2373 543 2426 poscebatur,
571 2379 623 2416 ut
642 2375 679 2415 si
700 2375 824 2428 quid,
857 2387 1002 2416 meum
1022 2379 1199 2416 secutus
1223 2387 1415 2421 sensum,
1438 2386 1696 2421 resecarem,

174 2430 412 2472 verendum
462 2433 572 2473 mihi
612 2438 745 2481 esset,
794 2445 850 2474 ne
887 2433 1132 2474 rationibus
1164 2432 1423 2474 redemtoris
1463 2432 1695 2473 officerem.

173 2483 331 2540 Itaque
350 2488 588 2531 hocunum
607 2491 716 2540 mihi
747 2491 881 2532 'licere
916 2490 1086 2545 putavi,
1117 2493 1167 2530 ut
1197 2489 1454 2531 Schwebelii
1490 2489 1700 2530 observa-

173 2544 319 2593 tiones
339 2546 461 2588 vitiis
477 2549 759 2602 typotheticis
791 2548 906 2589 haud
941 2556 1039 2589 raro
1073 2548 1264 2590 foedatas
1286 2548 1354 2589 his
1375 2547 1575 2589 sordibus
1595 2546 1695 2587 dili-

216 2673 234 2691 *
255 2668 428 2701 Lamberti
453 2669 519 2700 Bos
544 2670 662 2712 Lingu.
678 2672 786 2702 Graec.
804 2671 836 2702 in
864 2671 1022 2702 Academ.
1045 2671 1202 2712 Franequ.
1229 2671 1372 2702 Profess.
1397 2670 1546 2711 Ellipses
1568 2670 1695 2702 Graecae

175 2709 250 2743 sive
262 2712 304 2743 de
318 2711 472 2750 vocibus,
493 2723 568 2754 quae
585 2714 617 2745 in
633 2724 785 2745 sermone
799 2713 917 2746 Graeco
932 2724 992 2755 per
1012 2714 1147 2755 ellipsin
1162 2725 1197 2744 su
1203 2714 1428 2755 pprimuntur.
1473 2713 1560 2745 Cum
1575 2715 1694 2744 docto-

173 2764 249 2786 rum
262 2754 422 2793 virorum,
443 2755 568 2788 Christ.
584 2756 827 2799 Schoettgenii,
851 2758 908 2789 Jo.
925 2758 987 2788 Ge.
1005 2757 1095 2788 Sam.
1120 2757 1331 2795 Bernholdii,
1353 2758 1410 2789 Jo.
1434 2755 1695 2788 Frid.'Leisneri

172 2797 481 2837 observationibus,
495 2799 620 2840 quibus
630 2807 662 2832 et
677 2811 754 2832 suas
764 2801 887 2843 adjecit
896 2800 947 2831 M.
959 2800 1124 2832 Nicolaus
1139 2800 1368 2832 Schwebelius
1383 2803 1421 2832 P.
1438 2801 1478 2832 P.
1493 2807 1526 2831 et
1541 2799 1636 2831 G.N.
1650 2798 1692 2828 R.

172 2840 393 2880 societatum,
416 2842 607 2875 Academiae
621 2844 812 2886 Imperialis
830 2844 1053 2876 Roboretanae
1077 2850 1110 2875 et
1128 2844 1327 2875 Electoralis
1340 2844 1510 2876 Bavaricae
1528 2841 1695 2873 Scientia-

173 2893 247 2915 rum
261 2883 410 2926 Collega.
456 2886 700 2929 Norimbergae‚
715 2887 804 2930 typis
824 2894 858 2922 et
884 2894 1008 2931 sumpt.
1024 2887 1184 2922 heredum
1200 2887 1319 2921 Adami
1337 2887 1476 2922 Jonath.
1491 2885 1694 2919 Felseckeri.

178 2935 395 2964 noceam.
418 2932 451 2964 8.
