1838 3164
491 134 813 181 PLE'ONASMI
840 134 1332 181 CONJUNC'I'ION'UM.
1608 130 1688 175 123

171 255 348 313 dieunt)
376 256 495 300 clare
529 254 642 297 satis
668 251 875 308 exposuit
905 248 1188 304 Hoogeveen.
1261 249 1381 294 Nam
1409 250 1464 294 de
1497 252 1684 307 singulis

170 315 439 369 quibusdam
457 314 567 355 locis
585 312 746 359 dicere,
776 322 876 363 quae
896 321 986 350 non
1017 308 1073 350 de
1098 309 1312 362 peculiari
1342 311 1572 364 particulae
1603 323 1685 352 usu

173 377 403 422 moneant,
425 373 618 424 ‘longum
637 370 713 410 sit.
774 364 872 410 Hoc
905 378 1043 421 gemis
1078 369 1160 414 est,
1190 367 1308 419 quod
1343 366 1519 409 Ernesti
1551 369 1686 410 habet

168 429 452 485 inglossario
472 427 643 482 Polybii
664 426 722 467 ad
754 426 802 467 ii.
830 424 895 466 12.
928 423 965 465 οἳ
992 423 1057 464 καὶ
1089 438 1148 464 τα
1170 426 1414 473 ωγενόμενοιε
1448 428 1477 450 “
1508 425 1685 468 Redun-

170 493 205 518 ‘⁴
235 489 359 538 dat?
397 487 560 542 inquit,
591 487 624 510 ‘⁶
641 487 879 537 eleganter.
956 481 1030 525 Sic
1057 485 1104 524 et
1208 494 1284 523 cas
1317 483 1364 526 in
1397 484 1527 528 Act.’'
1585 484 1685 526 Hoc

169 546 281 587 mihi
301 553 387 588 non
407 544 642 588 satisfacit·
703 541 850 584 verba
880 540 1048 594 polybii
1069 544 1173 582 sunt
1190 555 1200 580 :
1226 539 1288 582 ‘O
1314 542 1561 592 Ποστούμιος
1578 544 1685 592 μετὰ,

168 608 298 646 ταῦτα
325 601 564 660 πρεσβευτὰς
593 600 838 650 ἐξαπέστειλε
874 600 967 655 πρὸς
994 616 1036 639 τε
1069 596 1158 640 τοὺς
1189 597 1393 642 Αἰτωλοὺς
1424 601 1490 643 καὶ
1523 602 1570 644 τὸ
1607 606 1684 643 τῶν

159 659 346 716 Ἀχωῦν
371 659 504 702 {Quos-'z
534 663 660 702 tum:
692 661 725 699 οἳ
757 658 821 699 καὶ
847 674 996 714 παραγ.
1029 658 1073 699 h.
1093 669 1134 699 e.
1166 663 1197 684 “
1218 659 1296 712 qui
1327 663 1377 701 ut
1410 661 1534 703 missi
1553 662 1709 703 erant'

162 719 194 742 ‘⁸
221 720 289 762 ita
306 717 440 761 etiam
459 719 507 760 in
526 719 794 772 colloquium
812 716 930 771 apud
960 719 1168 770 utrosque
1198 717 1399 767 admissi,
1434 719 1548 761 etc.’'
1606 719 1681 763 Sic

158 775 367 832 παρελθεῖν
379 775 556 833 prodire
576 774 752 818 dicendi
761 787 889 817 causa
906 772 1120 823 inlocum,
1136 773 1214 816 ubi
1228 774 1441 817 orationes
1453 775 1678 820 habentur.

158 831 283 877 Idem
315 836 483 890 copulae
511 848 618 877 usus
636 838 704 876 est
734 835 782 875 in
803 835 922 875 sorte
953 831 1152 888 Telepho
1172 833 1308 880 edita,
1344 838 1394 875 ut
1413 835 1681 890 exprimitur

162 888 281 949 apud
320 895 582 936 Suetonium
617 892 772 934 Claud.
811 890 885 934 43.
916 903 942 931 e
973 892 1090 945 conj.
1148 888 1364 933 Victorii:
1398 893 1418 932 ὅ
1437 894 1585 949 τρώσεις
1615 893 1682 935 καὶ

163 953 326 994 ἰάσεται.
383 952 431 994 Si
451 952 516 994 καὶ
530 965 618 994 non
640 951 826 1002 adesset,
847 949 1029 990 verbum
1052 949 1197 990 ἰάσεται
1232 963 1321 991 non
1342 951 1406 991 ita
1440 952 1683 994 referretur

161 1010 219 1052 ad
238 1004 403 1067 τρώσας,
433 1015 484 1052 ut
513 1010 794 1064 intelligeres,
828 1007 991 1049 merito
1016 1008 1204 1049 eundem
1235 1007 1450 1050 Achillem
1483 1008 1679 1064 Telepho

162 1069 428 1111 medicinam
465 1069 685 1110 facturum
722 1080 826 1119 eme,
858 1065 934 1119 qui
962 1063 1209 1120 Telephum
1234 1066 1507 1115 vulneravit;
1539 1079 1683 1121 neque

161 1126 448 1181 intelligeres,
469 1127 588 1181 quod
608 1126 758 1173 simul,
779 1123 1010 1166 obscurius
1035 1125 1151 1175 licet,
1173 1124 1462 1176 significatur,
1483 1128 1530 1168 et
1560 1124 1684 1181 aeqtie

160 1183 291 1228 facile
310 1188 357 1227 et
376 1185 528 1227 eadem
547 1198 595 1226 re
613 1185 741 1226 illum
760 1182 1026 1225 medicinam
1045 1194 1142 1224 esse
1163 1182 1397 1224 facturum.

738 1265 879 1309 MEN
909 1266 974 1321 (et
995 1264 1114 1322 ΔΕ.)

216 1342 466 1387 Notissima
479 1347 548 1386 est
558 1343 877 1398 particularum
897 1342 969 1389 μὲν
986 1344 1033 1383 et
1053 1341 1093 1383 δὲ
1109 1342 1407 1390 necessitudo,
1426 1355 1480 1386 ex
1497 1355 1589 1398 qua
1605 1356 1679 1388 res

157 1401 276 1446 inter
302 1416 352 1445 se
369 1403 600 1458 oppositae,
635 1402 703 1443 vel
723 1404 900 1442 tantum
919 1399 1101 1440 diversae
1120 1403 1164 1439 et
1194 1401 1492 1442 membrorum
1522 1415 1679 1446 eonve-

157 1462 329 1504 nientia
346 1461 435 1502 sibi
468 1459 802 1513 respondentes,
823 1460 1072 1499 nectuntur.
1133 1454 1296 1498 Earum
1325 1459 1441 1499 ratio
1470 1473 1586 1515 saepe
1618 1464 1684 1506 ita

158 1521 311 1568 habet,
329 1524 382 1562 ut
399 1531 456 1559 ex
474 1514 632 1565 MEN‚
654 1517 743 1565 μὲν,
773 1516 828 1566 δὲ,
850 1513 935 1556 ΔΕ
954 1515 1110 1557 mediae
1128 1515 1245 1556 inter
1278 1528 1327 1557 se
1344 1515 1611 1568 referantur,
1642 1524 1689 1564 et

158 1575 321 1622 ultima
337 1580 447 1620 item
478 1576 744 1630 respondeat
773 1574 947 1628 primoe,
984 1573 1192 1625 nullaque
1220 1573 1407 1626 proinde
1434 1575 1685 1629 pleonasmi

159 1635 322 1679 debat-
356 1647 455 1677 esse
484 1633 695 1687 suspicio.
757 1631 845 1672 Sed
879 1630 1078 1672 Dorville
1112 1631 1168 1672 ad
1205 1630 1338 1671 Char.
1359 1632 1419 1673 vi.
1443 1632 1486 1673 5.
1508 1646 1553 1688 p.
1578 1634 1678 1679 543,

160 1695 229 1737 ed.
251 1693 374 1749 Lips.
409 1692 464 1732 de
482 1691 650 1732 talibus
681 1689 789 1731 locis
818 1689 885 1730 ita
903 1688 1102 1741 loquitur
1126 1701 1137 1727 ε
1171 1694 1201 1713 “
1226 1686 1307 1729 Illa
1326 1691 1547 1742 particula
1565 1691 1678 1747 (μὲν)

160 1759 193 1780 ··
222 1751 377 1794 crebro
395 1750 517 1803 quasi
536 1762 616 1803 pro
649 1748 792 1789 nihilo
818 1746 1018 1796 habetur,
1054 1749 1100 1786 et
1129 1745 1291 1786 iterum
1325 1748 1511 1799 proinde
1545 1751 1683 1794 etiam

157 1813 188 1843 ‘-‘
219 1810 342 1852 aliud
379 1809 450 1856 μὲν
482 1808 549 1848 vel
585 1806 623 1848 δὲ
656 1804 847 1847 orationi
882 1806 977 1845 sine
1009 1815 1126 1844 noxa
1153 1803 1375 1856 adjicitur,
1412 1809 1463 1846 ut
1498 1806 1571 1848 hic
1593 1839 1604 1848 .
1630 1834 1641 1849 -.
1670 1840 1681 1851 ,

160 1871 194 1897 “-
223 1866 372 1909 Etiam
391 1866 503 1907 alias
522 1865 785 1906 creberrime
806 1862 1001 1903 abundat
1022 1861 1132 1902 illud
1151 1862 1237 1908 μὲν,
1266 1864 1313 1901 et
1332 1862 1499 1904 similia
1518 1866 1682 1909 oratio-

161 1928 195 1953 ⁴‘
225 1925 294 1967 nis
310 1921 680 1978 complementa.”
739 1918 888 1962 Verba
907 1918 1165 1960 Charitonis
1184 1923 1317 1959 suntx
1349 1917 1580 1978 Καλλιῤῥόιη
1609 1925 1682 1975 μὲν

161 1983 208 2025 τὸ
221 1984 293 2032 μὲν
311 1986 459 2038 πρῶτον
481 1980 669 2036 ὥρμησεν,
689 1981 719 2019 εἲ
739 1977 909 2028 δυνατὸν,
944 1976 1009 2016 καὶ
1034 1975 1122 2017 τοὺς
1154 1974 1383 2029 ὀφθαλμοὺς
1414 1977 1581 2034 ἐξορύξαι
1612 1988 1681 2026 τοῦ

159 2039 438 2095 διαφθείροντος
453 2038 588 2082 αὐτήν.
647 2035 735 2078 Oia
755 2036 794 2077 δὲ
813 2035 911 2085 *γυνὴ
931 2033 1211 2082 πεπαιδευμένη
1234 2065 1244 2075 .
1268 2064 1279 2075 .
1301 2065 1310 2075 .
1329 2033 1399 2077 τὴν
1417 2035 1532 2091 ὀργὴν
1563 2042 1680 2086 μετέ.

158 2100 261 2148 βαλε
277 2103 363 2140 etc.
424 2095 571 2143 Patet,
590 2095 661 2145 μὲν
680 2099 785 2136 ante
813 2096 961 2149 πρῶτον
979 2092 1177 2146 positum
1198 2096 1244 2133 et
1263 2092 1302 2133 δὲ
1321 2097 1422 2133 ante
1441 2094 1538 2142 ’γυνὴ
1565 2098 1682 2140 inter

160 2169 209 2199 se
227 2156 399 2198 referri.
461 2152 549 2195 Sed
562 2154 702 2208 priori
722 2153 792 2201 μὲν
820 2156 976 2193 auctor
995 2161 1221 2204 opponere
1256 2150 1431 2191 volebat
1465 2152 1589 2195 aliud
1622 2154 1680 2206 δὲ,

160 2215 244 2256 hoe
262 2214 359 2257 fere
386 2212 544 2254 modo:
571 2209 632 2252 ‘O
662 2210 702 2252 δὲ
738 2208 949 2262 Εὐνοῦχος.
1010 2206 1098 2248 Sed
1133 2208 1287 2248 multis
1320 2209 1563 2262 interjectis
1599 2212 1681 2256 hoc

157 2272 330 2315 dimisit
347 2283 405 2313 ex
421 2271 586 2318 animo,
604 2281 696 2310 non
712 2266 893 2323 penitus
912 2265 1022 2306 illud
1041 2265 1238 2318 quidem,
1268 2265 1343 2306 sed
1365 2266 1441 2316 ita,
1476 2272 1527 2309 ut
1555 2282 1681 2325 repe.

158 2331 244 2372 fito
263 2336 319 2372 τῶ
344 2330 415 2379 μὲν
434 2328 669 2370 scriberet:
699 2325 764 2367 καὶ
786 2325 811 2368 ’ἦ
831 2323 901 2373 μὲν
920 2322 1149 2378 ἀπέδραμεν.
1198 2321 1334 2366 ”Eam
1356 2321 1440 2363 ΔΕ
1461 2326 1479 2364 ὃ
1498 2329 1680 2381 εὐνοῦχος

160 2373 330 2441 ὃχανῆἒ.
388 2385 535 2428 Etiam
566 2385 646 2427 hoc
676 2384 878 2437 exemplo
909 2380 964 2422 D.
983 2381 1126 2422 utitur
1145 2393 1201 2421 ex
1221 2381 1287 2421 iii.
1308 2380 1350 2422 8.
1383 2380 1579 2425 Διονύσιος
1606 2386 1679 2433 μὲν

159 2443 221 2487 οὖν
237 2446 391 2487 πάντων
409 2445 481 2493 μὲν
494 2444 702 2484 ἀκουόντων
721 2439 802 2482 εἶπε
823 2440 894 2482 τὴν
915 2438 1055 2491 εὐχὴν,
1088 2436 1316 2493 Καλλιῤῥόη
1336 2438 1376 2481 δὲ
1394 2440 1493 2486 μόνη
1514 2439 1675 2486 ἐθέλησε

160 2502 255 2559 πρὸς
268 2502 342 2545 τῡήν
355 2500 589 2557 Ἀφροδίτην
609 2502 794 2544 λαλῆσαι.
852 2495 902 2538 In
916 2509 967 2538 eo
985 2497 1215 2550 particulae
1236 2497 1306 2544 μὲν
1336 2495 1395 2537 οὖν
1413 2502 1677 2543 connectunt

161 2561 481 2607 narrationem,
501 2562 759 2610 certumque
790 2555 981 2596 afferunt
1001 2554 1171 2595 factum
1209 2553 1282 2610 (de
1313 2554 1427 2596 votis
1448 2567 1476 2596 a
1509 2555 1675 2613 Diony-

159 2618 228 2660 sio
267 2617 419 2672 factis)
459 2619 641 2671 propter
677 2619 823 2657 cetera
865 2613 975 2654 scitu
1015 2613 1328 2664 necessarium,
1371 2611 1490 2665 quod
1526 2618 1674 2659 tamen

159 2675 308 2731 quoad
325 2679 556 2720 externam
571 2673 801 2715 sententiae
820 2671 1008 2712 formam
1026 2670 1083 2710 ad
1103 2670 1240 2711 aliam
1268 2670 1475 2726 deinceps
1497 2674 1677 2727 subjici-

160 2734 321 2776 endam
353 2732 618 2775 sententiam
652 2743 742 2772 non
770 2729 987 2770 refertur:
1016 2728 1135 2782 quod
1164 2741 1264 2769 cum
1289 2728 1340 2769 fit
1377 2728 1489 2769 nihil
1525 2733 1681 2785 primae

160 2791 391 2847 particulae
409 2791 480 2839 μὲν
500 2789 709 2831 redditur.
768 2785 868 2829 Hoc
884 2790 951 2828 est
970 2786 1088 2839 quod
1118 2784 1251 2827 Dorv.
1273 2785 1395 2834 dicit,
1422 2798 1520 2828 eam
1549 2792 1678 2842 quasi

160 2861 244 2904 pro
263 2850 404 2891 nihilo
426 2848 595 2889 haberi.
656 2846 743 2887 Sed
770 2845 990 2901 posterius
1009 2844 1079 2893 μὲν
1104 2843 1314 2892 refertur,
1345 2845 1460 2886 sicut
1489 2850 1677 2900 oportet,

161 2907 221 2949 ad
240 2907 305 2957 δὲ,
326 2908 434 2962 quia
461 2907 615 2947 πάντων
632 2905 839 2945 ἀκουόντων
870 2903 1112 2957 opponitur
1142 2902 1276 2943 verbo
1299 2903 1413 2952 μόνη,
1441 2905 1559 2956 quod
1587 2903 1677 2946 dic-

164 2968 348 3021 tumest
365 2977 448 3024 pro
466 2962 609 3011 οὐδενὸς
626 2964 837 3008 ἀκούοντος.
896 2958 995 3004 Hoc
1028 2961 1167 3018 igitur
1194 2959 1268 3011 μὲν
1300 2973 1389 3004 non
1417 2961 1549 3005 modo
1580 2963 1677 3008 sine
