1838 3164
524 131 845 175 PLEONAsm
872 92 1291 171 Anvn‘nmonum.
1582 123 1660 167 101

150 245 355 295 buslocis
374 247 611 297 similibus,
626 250 677 289 ut
690 243 890 300 Xenoph.
913 241 1008 287 OEc.
1027 244 1087 285 ix.
1111 242 1176 284 12.
1206 239 1262 282 Τί
1277 241 1314 284 δέ
1330 244 1348 283 ?
1370 240 1515 283 Simili
1536 239 1666 282 modo

151 303 280 353 nobis
314 303 596 348 statuendum
615 303 804 348 vidimus
829 304 883 344 de
909 302 968 343 ἵνα
997 302 1051 342 τί.
1113 299 1215 341 Vid.
1238 297 1346 342 INA
1367 303 1480 341 extr.
1529 298 1666 340 Addit

153 361 313 404 deinde
331 361 406 404 H:
439 369 471 389 “
496 362 583 404 Sed
608 360 964 415 quandoquidem
999 359 1040 399 τί
1060 358 1139 407 μὴν
1159 357 1407 398 affirmandi
1429 356 1495 397 vel
1516 357 1664 410 potius

154 423 201 444 “⁷
219 420 503 462 confirmandi
534 422 798 475 potestatem
831 417 1008 472 praefert
1037 423 1198 458 natura
1227 428 1306 456 sua
1329 428 1340 462 ς
1371 427 1478 455 usus
1507 414 1672 462 voluit,

153 477 186 502 “
215 490 314 530 quae
331 482 435 520 sunt
452 478 763 520 vocabulorum
792 475 905 523 fata,
935 478 984 516 ut
1006 474 1142 516 etiam
1162 472 1411 514 adhibitum
1431 472 1490 513 sit
1510 471 1555 512 in
1576 471 1666 512 dic·

152 538 184 558 ‘⁶
203 534 410 577 ‘tionibus
430 535 687 590 simpliciter
704 532 1056 580 assentientium,
1089 535 1138 572 ut
1172 543 1241 584 ap.
1264 530 1451 571 eundem
1480 530 1526 570 in
1546 527 1670 581 Pbae-

154 594 183 616 ‘⁸
213 592 309 642 dro,
334 623 345 634 .
371 623 382 634 .
409 623 419 634 .
441 592 516 634 ubi
537 591 722 634 Phaedro
741 591 914 644 roganti
929 587 1059 645 ‘Op9'25
1083 586 1141 628 οὗν
1163 589 1300 631 ἐκείνην
1317 587 1387 630 τὴν
1409 587 1673 635 ὑψηλοτάτην

154 653 186 693 ‘.‘
216 651 444 696 πλάτανονς
471 680 481 691 .
506 680 516 690 .
543 681 553 691 .
576 649 835 704 respondet:
883 646 938 688 Τί
954 647 1061 696 μήνς
1094 643 1297 693 Quidni?
1345 643 1400 685 Et
1433 676 1443 685 .
1467 676 1477 685 .
1501 674 1511 684 .
1540 649 1671 697 rogat

153 707 184 730 “
213 705 414 749 Socrates
432 720 442 747 ε
460 704 546 748 Au
575 706 638 763 ig.
659 705 740 754 vis,
759 711 809 748 ut
829 717 1058 747 sermonem
1078 702 1158 745 tibi
1175 701 1372 760 referam,
1405 715 1526 758 quem
1543 713 1672 757 super

155 768 187 788 ‘⁸
218 762 288 806 his
302 763 459 806 audivi
476 770 494 807 ?
524 763 776 819 Respondet
797 762 1003 805 Phaedrus
1025 775 1034 802 :
1066 759 1120 802 Τί
1148 761 1252 809 [mim
1296 758 1416 807 Quid
1434 758 1484 800 ni
1499 759 1543 801 ?”
1573 757 1671 809 lmo

150 831 255 863 vero
287 823 439 864 eadem
473 823 666 876 graviter
698 821 940 863 affirmandi
981 818 1245 873 significatio
1284 821 1352 859 est
1385 822 1572 869 utroque
1621 818 1668 859 in

154 878 266 921 loco.
327 878 377 921 In
412 881 550 934 priori
580 881 889 935 supplendum:
922 877 1022 918 ἄλλο
1056 880 1210 925 μᾶλλον
1240 876 1384 932 &qu-m?
1446 873 1670 922 Quidnam

156 933 282 978 aliud
306 936 448 994 magis
482 937 682 980 videam?
728 938 792 978 Ac
826 936 964 977 multo
999 934 1211 988 liquidius
1248 933 1461 975 affirmare
1492 937 1670 988 poterat

153 991 380 1041 Pbaedrus‚
417 1009 464 1036 se
494 997 641 1037 videre
668 996 790 1036 illam
829 995 1030 1035 arborem
1067 992 1153 1033 sibi
1191 994 1500 1039 monstratam,
1535 1003 1668 1044 quam

152 1047 323 1094 Glauco
345 1052 398 1094 de
419 1054 646 1095 laboribus
671 1054 850 1105 utrique
870 1052 992 1093 sexui
1014 1049 1306 1102 assignandis,
1328 1047 1383 1089 de
1402 1048 1580 1102 quibus,
1616 1051 1670 1090 ut

154 1106 356 1152 Socrates
377 1110 472 1165 ipse
494 1112 646 1153 statim
667 1110 848 1165 excipit,
878 1113 924 1150 et
943 1114 992 1150 ut
1011 1107 1190 1149 aliunde
1210 1106 1346 1148 etiam
1376 1109 1566 1153 constat,
1590 1106 1668 1147 ho-

151 1166 293 1208 mines
314 1169 479 1219 singuli
495 1172 542 1210 et
561 1169 770 1210 universae
791 1167 989 1208 nationes
1006 1165 1335 1206 dissentiebant.
1395 1163 1520 1205 Alter
1549 1164 1672 1205 locus

151 1224 235 1266 vol.
257 1237 298 1266 x.
315 1238 359 1280 p.
378 1225 480 1268 375.
504 1227 649 1268 minus
668 1231 830 1267 certam
854 1225 987 1265 habet
1008 1223 1202 1276 graviter
1222 1221 1468 1262 affirmandi
1489 1225 1640 1262 notam
1654 1235 1668 1262 z

153 1281 227 1322 sed
267 1286 416 1326 tamen
450 1296 529 1326 nee
569 1285 615 1325 in
648 1284 914 1326 contrariam
945 1285 1116 1336 partem
1147 1280 1438 1333 suspicionem
1471 1279 1668 1332 praebet:

151 1339 360 1383 audiendi
380 1341 498 1382 enim
523 1341 643 1382 illius
671 1340 886 1382 sermonis
905 1352 951 1380 se
985 1337 1195 1392 cupidum
1225 1337 1420 1378 ostendit
1439 1335 1689 1377 Phaedrus.-

155 1393 361 1440 Occurrit
380 1403 526 1440 autem
547 1399 587 1438 τί
597 1397 676 1446 μήν
697 1398 791 1439 eod.
814 1397 858 1438 in
878 1396 980 1437 dial.
1002 1395 1179 1449 saepius,
1201 1397 1252 1435 ut
1271 1407 1314 1448 p.
1332 1392 1433 1436 364.
1455 1392 1556 1434 377.
1569 1392 1671 1435 389.

152 1456 199 1494 et
227 1459 362 1502 ante;
388 1452 554 1508 ‘neque
589 1456 678 1497 ullo
717 1456 813 1496 loeo
839 1453 1005 1508 frigida
1032 1452 1206 1494 videtur
1238 1452 1387 1504 gravis
1418 1451 1668 1494 affirmatio.

153 1510 304 1555 Alium
321 1514 463 1555 locum
486 1526 527 1554 v.
550 1514 630 1554 sub
652 1511 737 1554 ΟΥ
758 1512 805 1553 S.
824 1511 868 1553 3.
1688 1543 1691 1552 ,

211 1567 254 1610 2.
277 1568 327 1611 In
349 1570 492 1625 plenis
513 1574 558 1612 et
590 1574 782 1612 ceterum
809 1569 939 1611 claris
974 1565 1394 1620 interrogationibus
1423 1565 1671 1619 comparari

155 1624 236 1673 μὴν
255 1631 402 1681 potest
421 1640 520 1668 cum
543 1627 659 1674 ἐτεὸν,
679 1627 894 1678 vertique,
925 1626 992 1667 vel
1023 1623 1182 1680 reipsa,
1200 1622 1240 1665 si
1264 1635 1405 1663 verum
1425 1621 1669 1677 quaerimw,

154 1684 222 1725 vel
243 1685 411 1727 usitata
431 1685 507 1726 illa
526 1685 704 1737 gravius
723 1683 931 1724 instantis
959 1683 1177 1736 particula
1206 1693 1316 1722 vero.
1378 1677 1533 1720 Priora
1565 1693 1672 1727 eon-

155 1743 340 1784 veniunt
369 1743 513 1784 verbis
539 1740 840 1796 Xenophontis
862 1741 921 1782 H.
946 1739 1025 1780 Gr.
1048 1739 1105 1780 vi.
1126 1738 1168 1789 3,
1196 1737 1258 1779 13.
1304 1734 1360 1776 Τί
1387 1735 1467 1784 μὴν
1497 1736 1674 1785 ἥκομεν2

153 1803 201 1840 et
228 1797 284 1840 Τί
301 1800 380 1848 μήν
412 1802 543 1840 ἐστιν’.)
571 1799 789 1853 posterius
823 1798 931 1840 locis
951 1798 1067 1845 aliis,
1107 1799 1158 1836 ut
1190 1794 1288 1848 Cyri
1319 1793 1438 1835 Disc.
1462 1794 1492 1834 i.
1517 1793 1559 1841 6,
1595 1793 1671 1836 28.

156 1854 232 1897 Hi.
250 1857 279 1899 i.
298 1858 370 1899 31.
401 1856 611 1906 Ko'enius‚
631 1858 709 1912 qui
740 1858 780 1897 τί
798 1856 877 1904 μὴν
895 1855 1080 1909 attingit
1101 1854 1146 1895 in
1169 1853 1354 1906 Gregor.
1369 1864 1415 1907 p.
1439 1849 1533 1894 109.
1554 1852 1610 1895 de
1626 1853 1672 1895 vi

157 1916 256 1969 ejus
283 1915 395 1957 nihil
417 1915 577 1971 prodit.
1077 1943 1081 1946 -
1193 1910 1199 1917 ‘

755 1993 1060 2037 ΟΠΩΣΟὙΝ
1071 2025 1080 2035 .

215 2078 482 2135 Hoogeveen
503 2079 559 2121 ad
579 2078 681 2135 vig.
702 2079 779 2120 vii.
809 2079 875 2128 11,
890 2077 931 2119 7.
954 2078 1069 2119 inter
1080 2077 1295 2120 formulas
1313 2076 1500 2130 negandi
1521 2077 1675 2120 retulit

125 2158 127 2160 “
159 2137 336 2187 οὐδαμῶς
355 2140 535 2180 ὁπωσοῦν.
595 2136 692 2179 Hoc
712 2138 748 2178 si
769 2151 794 2178 e
813 2137 909 2178 loco
927 2140 1048 2177 certo
1068 2136 1241 2186 sumsit,
1278 2132 1588 2188 gravissimum
1623 2136 1673 2186 in

156 2209 211 2237 eo
241 2197 452 2237 habemus
483 2196 801 2250 pleonasmum‚
833 2195 1019 2235 similem
1051 2200 1104 2250 τῷ
1124 2196 1202 2234 πᾶς
1233 2194 1411 2234 ὁστισοῦν.
1472 2191 1593 2245 (Vid.
1616 2208 1674 2233 τις

159 2253 276 2296 Sect.
311 2253 348 2293 6.
373 2253 509 2308 med.)
541 2257 592 2294 ut
623 2253 687 2294 sic
718 2253 895 2294 reddere
925 2251 1166 2306 possimus:
1200 2249 1318 2293 nullo
1337 2262 1512 2307 prorsus
1530 2248 1674 2298 modo,

158 2312 226 2354 vel
249 2324 519 2368 nequaquam
541 2324 638 2353 vero
656 2326 671 2359 ;
698 2311 766 2352 vel
787 2309 907 2351 nulla
927 2308 1099 2351 omniuo
1118 2308 1301 2351 ratione.

596 2408 682 2452 OT
702 2409 770 2450 vel
790 2406 940 2456 OTK,
962 2404 1117 2448 OTXI
1142 2410 1224 2448 etc.

214 2493 340 2540 Duas
365 2493 622 2547 negationes
658 2492 811 2534 eadem
846 2492 892 2532 in
915 2489 1136 2531 sententia
1153 2488 1410 2541 conjunctas
1429 2487 1580 2529 dicunt
1600 2501 1670 2542 ap.

157 2551 336 2594 Graecos
368 2551 525 2604 majori
561 2563 662 2592 cum
696 2551 739 2590 vi
773 2561 949 2601 negare.
1010 2546 1111 2593 Sed,
1142 2546 1339 2599 exceptis
1367 2546 1454 2587 illis
1485 2544 1598 2599 Sect.
1629 2546 1673 2586 3.

156 2623 238 2665 per
278 2622 325 2650 se
354 2623 444 2650 non
482 2609 657 2662 gravius
699 2607 784 2648 illae
814 2610 994 2658 negant,
1035 2617 1169 2657 quam
1201 2603 1443 2656 una-apud
1471 2601 1670 2644 Latinos.

157 2667 318 2710 Nullus
354 2667 494 2720 igitur
526 2667 806 2719 pleonasmus
847 2664 1038 2716 graviter
1072 2662 1275 2715 negantis
1306 2664 1374 2702 est
1406 2673 1446 2701 v.
1485 2675 1520 2702 c.
1554 2660 1673 2715 apud

157 2723 498 2780 Xenophontem
521 2721 658 2764 Mem.
688 2723 736 2763 ii.
760 2721 801 2769 6,
822 2720 893 2762 36.
924 2722 1108 2770 ἡγοῦμαι,
1138 2722 1203 2760 οὐκ
1231 2717 1365 2767 ἐξεῖναί
1394 2735 1459 2766 μοι
1492 2718 1581 2772 περὶ
1608 2721 1674 2759 σοῦ

157 2785 279 2831 λέγειν
311 2784 516 2823 ἐπαινοῦντι
547 2780 662 2830 οὺδὲν,
683 2780 740 2819 ὅτι
758 2778 799 2820 ἂν
818 2779 878 2827 μὴ
909 2776 1104 2820 ἀληθεύω.
1165 2775 1284 2817 Nam
1303 2776 1341 2816 Si
1376 2778 1441 2816 οὐκ
1475 2775 1672 2824 omittas,

158 2841 378 2883 sententia
412 2840 485 2879 fiet
514 2838 728 2878 absurda:
767 2842 884 2891 puto,
906 2834 1014 2877 milii
1032 2832 1171 2881 licere,
1203 2839 1251 2874 ut
1281 2831 1331 2874 in
1366 2837 1482 2873 tuam
1501 2830 1676 2873 laudem

157 2895 270 2940 nihil
292 2896 452 2945 dicam,
492 2894 607 2952 quod
624 2908 710 2937 uon
741 2907 884 2936 verum
913 2892 988 2936 sit.
1048 2891 1127 2933 Sin
1159 2891 1288 2938 οὐδένς
1317 2903 1397 2946 pro
1429 2903 1482 2931 eo
1509 2902 1676 2944 ponen-

159 2955 265 2999 dum
283 2957 369 3000 erit
398 2955 453 3007 τὶ,
474 2954 590 3016 quod
624 2952 812 3005 nimium
831 2953 1028 3007 languet.
1086 2950 1165 2994 Sed
1196 2947 1341 2994 Graeci
1372 2961 1460 2994 non
1494 2947 1676 2999 habent,
