1838 3164
760 176 1056 218 ISAGOGE.
1501 181 1506 184 ·
1633 166 1663 210 5

153 290 351 344 plurimis
372 291 533 346 verbis
550 292 657 335 item
683 293 864 332 eventus
889 293 935 331 et
965 289 1160 331 actiones
1187 288 1244 332 ad
1274 300 1349 330 eas
1378 290 1656 343 pertinentes

150 344 516 401 significantibus,
531 343 754 405 ''deniqueJ
779 348 1026 402 'utpaucis
1060 347 1224 396 dicam,
1268 358 1364 399 quae
1393 348 1552 388 similis
1592 348 1654 388 sit'

150 403 332 461 Grzecae,
363 406 550 456 Latinas,
583 406 871 453 Germanicae‚
908 403 1261 458 Francogallicae,
1316 403 1528 458 Anglicae.
1565 403 1654 445 Ῥο-

149 461 280 516 pullis
300 465 437 518 igitur
456 466 536 507 hac
553 465 722 519 ‘lingua
750 465 928 515 loquens
960 475 1119 515 gnarus
1146 475 1239 504 esse
1267 461 1398 509 debet
1429 475 1530 503 cum
1558 461 1658 516 phi-

148 521 360 576 losophiae
397 525 441 563 et
473 522 653 576 reliquae
684 521 894 563 doctrinae
938 521 1147 572 liberalis,
1184 523 1280 561 tum
1320 519 1484 561 artium
1512 515 1682 561 varia-’

149 591 263 626 rum,
294 579 371 633 sed
402 573 591 622 maxime
629 581 793 621 artium
827 578 997 620 dicendi
1035 582 1079 618 et
1118 576 1352 626 scribendi,
1388 578 1451 618 ita
1478 580 1544 627 ut,
1577 576 1658 629 qui

149 636 490 691 sapientes1hoc
528 639 574 678 in
614 638 778 692 populo
805 637 1092 690 appellentur,
1131 635 1187 676 ad
1226 647 1327 675 eum
1367 634 1658 689 perfectionis

148 694 330 746 gradum
347 696 624 743 acceSserint,
656 695 710 736 ad
730 707 859 748 quem
890 694 1076 735 hominis
1097 698 1256 735 natura
1283 692 1402 733 facta
1419 688 1513 734 esse
1538 691 1658 734 vide·

146 755 232 793 tur.
1161 758 1164 762 ’
1259 762 1263 764 ·
1323 759 1327 763 “
1556 761 1558 763 ·

205 808 244 863 ξ.
275 807 318 850 3.
349 807 399 851 In
421 811 498 851 tali
531 824 635 863 ergo
665 810 820 864 lingua
851 808 1116 865 pleonasmus
1144 812 1206 850 est
1239 805 1458 848 verborum
1477 804 1535 848 ad
1564 818 1659 848 sen-

148 865 326 908 tentiam
352 881 433 923 pro
454 873 579 924 captu
594 867 801 924 populari
812 866 1001 924 plenam,
1027 865 1103 909 sed
1122 864 1283 908 nudam
1308 877 1382 906 neo
1393 863 1527 920 plane
1541 861 1660 920 poli-

149 928 251 972 tam,
294 923 490 976 accessio,
530 939 622 982 quae
651 926 775 967 verba
816 924 943 982 quasi
974 936 1289 981 supervacanea
1322 921 1496 977 ignaro-s
1524 919 1658 977 offen-

149 980 274 1028 dunt,
290 981 444 1046 quibus
472 989 612 1024 tamen
639 982 861 1025 recondita
892 981 1079 1039 quadam
1103 979 1272 1023 ratione
1298 978 1364 1021 vel
1393 978 1660 1021 dzalectz'cam

149 1038 430 1081 subtilztatem
459 1040 525 1082 vel
550 1042 637 1082 vim
669 1040 727 1082 ad
753 1038 1006 1083 movendum
1033 1051 1283 1096 quocunque
1310 1035 1436 1078 modo
1467 1035 1678 1078 animum'

149 1094 307 1154 accipit
343 1097 569 1139 «sententia.
651 1097 781 1140 Hanc
818 1099 1113 1139 definitionem
1151 1096 1303 1151 paucis
1350 1094 1662 1147 illustrandam

149 1158 271 1207 puto.
349 1153 636 1204 Sententiam,
671 1169 768 1209 quae
803 1157 1054 1210 pleonasmo
1095 1168 1175 1196 suo
1206 1167 1293 1194 non
1323 1152 1537 1194 instructa
1575 1155 1662 1199 est,

149 1211 241 1253 dixi
263 1211 449 1268 plenam,
472 1214 546 1254 sed
574 1228 655 1270 pro
674 1221 803 1269 captu
827 1211 1048 1269 populari.
1110 1211 1228 1253 Nam
1262 1211 1393 1251 homo
1412 1209 1466 1250 de
1494 1209 1669 1264 populo*

149 1270 282 1310 talem
315 1271 575 1311 sententiam
610 1273 825 1324 integram
850 1274 994 1325 putet,
1017 1282 1154 1322 neque
1178 1268 1418 1322 quidquam
1438 1267 1484 1307 in
1506 1279 1560 1307 ea
1590 1266 1674 1307 de-v

149 1326 559 1382 sideret‚·quoniam
593 1329 726 1369 verba
768 1330 920 1370 relicta
959 1327 1179 1369 sufficiunt
1213 1327 1270 1367 ad
1300 1337 1400 1378 eam
1438 1328 1664 1377 utcunque

148 1382 492 1437 intelligendam.
567 1385 652 1426 Sed
691 1386 727 1426 si
779 1387 1058 1439 pleonasmus
1116 1389 1310 1425 remotus
1352 1382 1566 1437 spectavit
1607 1381 1667 1421 ad

148 1441 439 1483 subtilitatem
465 1443 757 1490 dialecticam,
779 1448 829 1484 ut
850 1457 901 1484 eo
933 1442 1101 1495 aliquid
1137 1442 1279 1494 magis
1298 1440 1566 1487 definiretur,
1587 1441 1669 1479 aut

148 1499 289 1553 magis
329 1500 383 1540 ad
419 1513 565 1541 veram
596 1502 658 1541 rei
706 1501 918 1541 rationem
954 1504 1299 1554 componeretur,
1330 1497 1548 1538 sententia
1571 1496 1670 1550 jam'

149 1560 217 1598 est
242 1569 422 1598 manca:
458 1558 641 1611 ideoque
675 1558 766 1599 dixi
804 1572 901 1599 eam
929 1571 1015 1599 non
1048 1557 1179 1614 plane
1207 1554 1407 1612 politam,
1449 1553 1540 1595 sive
1580 1566 1671 1594 non

152 1625 330 1667 prorsus
367 1615 628 1655 absolutam.
698 1615 778 1656 Sin
801 1617 874 1657 ille
902 1618 1010 1662 vim,
1032 1628 1166 1667 quam
1195 1617 1368 1660 vocant,
1398 1611 1671 1654 aestheticam

155 1670 329 1719 habuit,
361 1673 581 1727 sente-ntia
607 1673 701 1724 jam
734 1674 868 1714 nimis
898 1674 1085 1728 simplex
1115 1676 1178 1718 et,
1198 1675 1249 1712 ut
1282 1670 1394 1718 dixi,
1413 1668 1548 1720 nuda,
1579 1669 1678 1711 sive.

154 1732 314 1785 ornatu
346 1731 589 1771 necessario
622 1731 813 1783 spoliata
841 1743 1017 1771 movere
1057 1730 1255 1770 animum
1289 1741 1358 1776 eo,
1397 1739 1486 1780 quo
1526 1726 1675 1778 debet,

154 1786 282 1826 modo
315 1799 402 1827 non
429 1791 586 1841 potest.
647 1786 896 1835 Tardiores,
930 1791 975 1827 et
1008 1787 1206 1828 homines
1237 1785 1291 1826 de
1311 1787 1459 1837 vulgo,
1490 1784 1536 1825 id
1555 1796 1673 1837 aegre

157 1844 367 1887 sentiunt.
441 1842 569 1885 Hanc
589 1845 645 1885 ob
676 1858 851 1886 causam
887 1845 995 1896 dixi,
1037 1845 1149 1886 sicut
1181 1844 1227 1884 in
1267 1842 1499 1883 dialectica
1527 1846 1672 1895 parte,

156 1900 221 1940 ita
262 1902 307 1942 in
339 1901 419 1942 hac
449 1903 515 1942 vel
551 1903 746 1943 oratoria
788 1905 852 1944 vel
884 1902 1074 1957 poetica,
1116 1903 1420 1956 pleonasmum
1452 1897 1675 1941 recondita

156 1958 343 2011 quadam
367 1957 534 2000 ratione
567 1960 732 2012 aliquid
762 1961 961 2001 conferre
981 1960 1036 2000 ad
1054 1959 1250 2000 animum
1280 1959 1430 2010 aliquo
1460 1961 1581 1997 motu
1605 1957 1672 1997 af-

157 2015 416 2061 ficiendum:
449 2022 583 2070 atque
617 2018 682 2057 ita
716 2030 802 2059 non
833 2031 887 2058 ex
920 2031 972 2058 eo
1002 2018 1251 2071 appellatus
1283 2014 1522 2062 videbitur,
1552 2014 1672 2068 quod

151 2075 266 2114 πλέον
301 2079 368 2114 τοῦ
404 2073 545 2114 δέοντος
593 2075 767 2124 afferat,
811 2076 887 2116 sed
930 2076 1045 2127 quod
1087 2077 1207 2115 πλέον
1243 2077 1311 2114 τοῦ
1350 2073 1671 2120 ἀναγκαιοτάτου.

152 2127 362 2171 Definitio
396 2133 625 2185 proposita
659 2145 744 2173 non
777 2132 983 2174 dissentit
1012 2132 1068 2172 ab
1096 2145 1180 2172 usu
1211 2130 1521 2183 magistrorum
1553 2133 1670 2171 vete-

151 2200 263 2230 rum.
325 2187 489 2241 Aquila
514 2187 741 2230 Romanus
774 2191 827 2231 de
861 2191 1114 2244 pleonasmo
1143 2190 1192 2230 ii.
1229 2187 1299 2229 22.
1329 2188 1423 2228 sic:
1457 2183 1667 2228 “Neces-

156 2249 187 2268 “
217 2243 357 2287 sarius
386 2245 682 2302 kuy'usfigurae
712 2260 815 2289 usus
842 2247 890 2288 in
919 2261 968 2289 eo
1002 2252 1080 2294 est,
1115 2252 1163 2287 ut
1191 2244 1317 2287 verba
1346 2242 1519 2301 quidem
1547 2243 1667 2300 adji-

156 2308 184 2327 “
220 2302 382 2344 ciamus
411 2317 497 2345 non
526 2311 614 2344 tam
654 2304 933 2358 *enuntiandae
961 2303 1028 2345 rei
1067 2301 1318 2350 necessaria,
1359 2315 1503 2358 quam,
1533 2307 1583 2343 ut
1611 2317 1667 2345 ex

157 2362 186 2383 “
217 2359 285 2401 his
304 2360 577 2416 magnitudo,
608 2361 672 2403 vel
696 2362 906 2418 dignitas,
937 2361 1003 2403 vel
1020 2360 1194 2403 moralis
1220 2359 1369 2416 aliqua
1404 2359 1668 2402 commenda·-

156 2423 186 2440 “
221 2416 300 2464 tio,
347 2425 422 2459 aut
457 2417 642 2474 denique
684 2420 841 2477 species
877 2426 1046 2462 motura
1071 2418 1270 2475 judicem
1304 2416 1662 2474 circumponatur.

155 2480 186 2498 “
219 2473 446 2530 Alioquin,
469 2475 510 2516 si
528 2476 639 2518 m'lzz'l
651 2491 794 2519 eorum
824 2475 1132 2519 additz‘o'verbi
1159 2473 1326 2533 efficiet,
1353 2473 1515 2517 vitiosa
1538 2474 1665 2517 erit.''

149 2531 235 2573 Sed
266 2533 355 2574 haec
388 2533 620 2575 hactenus:
653 2549 751 2588 quae
773 2536 880 2576 satis
901 2536 1017 2577 clare
1045 2534 1178 2575 etiam
1211 2532 1466 2582 ostendunt,
1488 2545 1568 2574 nos
1603 2534 1658 2575 de

143 2589 414 2643 pleonasmo,
436 2591 514 2643 qui
535 2604 562 2632 a
580 2592 850 2634 doctioribus
869 2592 1169 2647 grammaticis
1194 2591 1288 2632 fere
1308 2584 1485 2639 dicitur,
1505 2603 1654 2644 agere.

146 2646 263 2688 Nam
296 2648 379 2689 etsi
413 2647 610 2690 definitio
640 2652 869 2705 proposita
901 2650 1167 2704 pleonasmis
1197 2650 1334 2690 etiam
1370 2649 1415 2689 in
1451 2661 1652 2691 sermone

142 2705 321 2746 usitatis
353 2708 575 2754 convenit,
603 2710 753 2748 tamen
773 2721 860 2749 non
893 2709 1088 2762 pertinet
1107 2707 1163 2748 ad
1182 2719 1350 2753 omnes,
1370 2718 1468 2759 quae
1488 2719 1542 2748 ex
1563 2710 1652 2760 ety-

141 2773 212 2803 mo
250 2762 335 2804 dici
364 2768 561 2817 possunt.
633 2764 751 2806 Nam
793 2766 847 2806 de
886 2766 1046 2813 verbis,
1084 2778 1180 2818 quae
1225 2765 1483 2805 temerarius
1517 2762 1650 2811 homo

131 2825 296 2878 ›praeter
318 2821 530 2862 rationem
550 2821 769 2864 effundere
787 2824 943 2877 possit,
971 2823 1140 2864 frustra
1163 2817 1433 2876 ¹suscipiatur
1452 2821 1652 2876 disputa-

139 2877 220 2917 ti’o.
292 2875 394 2920 Illos
436 2881 624 2920 maxime
654 2881 933 2935 pleonasmos
967 2882 1223 2932 tractamus,
1260 2880 1337 2933 qui
1377 2879 1495 2932 apud
1535 2878 1649 2920 anti-

139 2934 372 2994 quissimos
416 2938 650 2993 scriptores
688 2937 865 2982 Graecos
901 2942 1150 2988 occurrunt,
1194 2937 1336 2994 iisque
1376 2935 1650 2992 explicandis
