1838 3164
268 147 355 218 180⁷
626 176 698 217 DE
727 175 933 218 ELLIPSI
962 177 1033 218 ET
1059 150 1397 217 PLEoNAsMo
1411 190 1417 229 ς

265 303 367 332 nem
386 286 556 344 adjecta
589 304 697 343 esse,
728 294 783 333 et·
805 291 859 332 de
877 289 1087 332 ambobus
1107 291 1362 345 parentibus
1374 288 1482 331 dici.
1533 286 1644 345 'Non
1662 301 1776 345 ·1na:-.

267 349 335 401 gis
371 349 602 403 quisquam
635 348 887 390 Graecorum
934 348 1077 389 dicere
1124 349 1283 403 potuit,
1322 348 1439 401 quod
1476 345 1624 396 Bosio,
1667 348 1780 402 cuinf

267 406 501 448 scholiasta
520 406 580 447 δια
600 407 882 460 intelligenti,
902 419 947 459 p.
978 403 1079 447 422.
1100 406 1244 448 dicere
1278 405 1398 447 visus
1422 409 1490 447 est
1509 405 1766 461 Apollonius

267 460 468 505 Rhodius
487 478 496 504 :
527 462 640 505 Ἐπεὶ
661 463 808 519 Φρίξοιο
828 462 978 505 θυηλὰς
998 462 1224 512 Στέλλομαι
1245 463 1479 513 α’μπλήσων,
1500 461 1628 506 Ζηνὸς
1648 462 1767 515 χόλον

147 516 225 562 172
264 518 511 577 Αἰολίδῃσιν;
541 535 673 575 quem
694 523 835 564 locum
857 521 946 561 alia
965 521 1099 562 etiam
1127 522 1274 563 inutili
1295 523 1422 563 auxit
1444 520 1586 575 ellipsi
1606 518 1782 561 Brunc-·

264 578 364 619 kius
385 579 478 634 ὑπὲρ
497 579 552 620 ad
570 577 717 634 Φρίξοιο
735 577 1067 630 intelligendum
1096 592 1290 621 censens.
1348 577 1607 633 Interpungi
1641 577 1771 618 debe-

262 636 341 677 bat
358 649 368 675 :
398 634 513 677 Ἐπεὶ
531 635 678 692 Φρίξοιο
697 635 847 678 θυηλὰς
867 634 1109 684 Στέλλομαι,
1142 637 1357 684 ἀμπλήσων
1383 635 1509 679 Ζηνὸς
1539 636 1658 688 χόλον
1677 634 1771 674 Azo-

261 693 421 748 λίδῃσιν.
481 692 719 747 Vulgatam
750 693 1150 746 interpunctionem
1179 694 1215 734 si
1245 695 1344 747 quis
1364 692 1602 747 Euripiden
1622 703 1766 739 versu,

261 751 337 803 qui
359 755 424 792 est
453 752 500 792 in
517 750 687 792 Electra
716 750 838 792 1270.
861 749 1090 791 defensum
1122 751 1218 799 iret,
1245 753 1281 792 is
1303 751 1496 804 graviter
1513 751 1764 790 falleretur:

261 807 316 849 de
349 821 438 861 quo
466 822 593 849 versu
633 809 799 849 dicetur
837 807 968 848 infra.
1038 806 1170 860 Pejus
1193 809 1360 855 etiam,
1393 809 1428 849 si
1467 807 1561 848 fieri
1600 808 1766 861 potest,

261 864 556 907 Schwebelius
572 866 736 906 erravit
754 879 799 919 p.
820 862 920 906 422.
945 864 1001 905 ad
1020 865 1157 905 verba
1177 865 1219 907 ἦὲ
1240 865 1319 912 τὸν,
1350 863 1491 906 Iliam*
1506 862 1558 905 T.
1580 863 1680 906 326.
1704 862 1765 904 δια

259 923 525 975 intelligens.
585 921 732 963 Verba
762 926 902 976 poetae
934 921 1026 962 haec
1055 925 1183 963 sunt:
1216 920 1282 962 Οὐ
1312 923 1386 976 «γαρ
1421 923 1480 961 κέν
1501 936 1538 960 τι
1556 921 1765 975 κακώτερον

260 979 361 1020 ἄλλο
379 978 561 1030 πάθοιμι,
584 977 687 1020 Οὐδ’
704 978 743 1019 εἶ’
755 996 814 1019 κεν
834 982 902 1020 τοῦ
920 978 1064 1033 πατρὸς
1082 977 1349 1032 ἀποφθιμένοιο
1362 975 1670 1026 πυθοίμην,”ος
1687 979 1780 1016 ποιί

257 1041 319 1077 νῦν
338 1035 489 1092 Φθίῃφι
509 1039 609 1091 τέρεν
630 1036 733 1076 κατα
753 1035 904 1090 δάκρυον
926 1035 1014 1083 εἴβει
1036 1034 1164 1079 Χήτει
1197 1035 1330 1077 τοιοῦδ’
1352 1034 1440 1076 υῗος·
1463 1034 1482 1074 ὃ
1499 1034 1533 1074 δ’
1554 1033 1764 1088 ἀλλοδαπῷ

258 1092 308 1134 {vi
328 1093 439 1149 δήμῳ
459 1093 595 1134 Εἵνεκα
614 1091 981 1148 ῥιγεδανῆς“Ελένἠς
999 1090 1145 1147 Τρωσὶν
1164 1093 1376 1146 πολεμίζω·
1400 1092 1412 1110 ²
1413 1090 1478 1132 Ηὲ
1507 1092 1584 1144 τὸν,
1609 1090 1764 1133 &End-

255 1168 307 1206 ρῳ
327 1168 390 1198 μοι
407 1152 455 1192 ἔνι
475 1154 651 1206 τρέφεται
681 1151 801 1198 φίλος
819 1151 907 1191 υἱός.
968 1148 1059 1191 Ubi
1081 1151 1181 1203 quis
1215 1163 1302 1191 non
1324 1150 1458 1198 videt,
1489 1148 1552 1191 τὸν
1574 1162 1668 1191 esse
1687 1162 1764 1204 po-

255 1209 406 1256 situm,
438 1209 555 1260 quod
572 1211 703 1263 poeta
724 1209 769 1248 in
790 1211 933 1249 mente
953 1207 1130 1249 haberet
1147 1206 1403 1261 αποφὲίμενον
1420 1209 1651 1255 duodenum?

313 1265 382 1306 Ad
401 1266 600 1307 eamdem
618 1267 801 1307 classem
831 1265 966 1306 etiam
1000 1266 1077 1308 illa
1111 1266 1335 1319 pertinent
1364 1265 1580 1319 exempla,
1609 1277 1707 1318 quae
1739 1276 1776 1305 a*

255 1324 518 1376 quibusdam
558 1336 638 1377 per
673 1323 997 1378 appositionem
1026 1323 1317 1376 explicantur,
1367 1322 1484 1375 quod
1512 1321 1619 1364 fecit
1650 1319 1767 1362 Mat-

256 1381 363 1421 thiae
397 1382 442 1422 in
474 1382 761 1433 grammatica
800 1379 954 1421 Graeca
987 1394 1032 1434 p.
1071 1379 1172 1426 597,
1201 1394 1300 1433 quae
1329 1381 1442 1421 ratio
1481 1380 1619 1421 multo
1650 1381 1768 1420 certe

255 1439 398 1478 verior
419 1441 485 1478 est
504 1442 548 1478 et
578 1438 741 1491 aptior,
772 1450 921 1490 quam,
954 1450 1041 1489 quo
1071 1437 1146 1477 alii
1166 1441 1367 1484 utuntur,
1400 1437 1600 1490 ellipseos
1630 1448 1768 1476 reme-

254 1494 391 1535 dium.
453 1493 522 1535 De
542 1495 712 1547 ingenti
733 1495 1046 1547 exemplorum,
1077 1507 1173 1545 quae
1208 1493 1383 1546 congeri
1419 1496 1610 1547 possent,
1642 1493 1772 1547 copia

257 1552 367 1593 satis
385 1551 470 1593 erit
487 1563 629 1605 pauca
648 1552 953 1592 considerasse.
998 1550 1282 1591 Homericum
1303 1550 1424 1601 illud,
1455 1549 1636 1591 Θάνατόν
1657 1553 1698 1591 νύ
1717 1566 1772 1590 τοι

170 1605 348 1664 173ὅρκι’
381 1609 558 1656 ἔταμνον,
587 1612 689 1649 sunt
720 1610 793 1660 qui
825 1609 1062 1649 omissione
1095 1608 1417 1661 praepositionis
1453 1609 1504 1647 εἰς
1536 1607 1772 1661 explicent.

259 1666 324 1708 At
352 1667 433 1707 etsi
456 1667 547 1707 haec
573 1678 672 1707 cum
711 1666 1019 1718 praepositione
1039 1664 1125 1705 dici
1145 1667 1398 1718 potuerunt,
1430 1676 1516 1704 non
1538 1670 1606 1706 est
1625 1667 1773 1706 tamen

260 1723 548 1776 intelligenda
567 1723 836 1777 praepositio,
867 1722 944 1762 ubi
966 1723 1130 1762 omissa
1149 1726 1243 1763 est:
1277 1722 1354 1763 sed
1388 1721 1569 1762 diversae
1596 1733 1774 1776 prorsus

263 1782 357 1823 istae
386 1781 661 1834 loquutiones
697 1783 812 1820 sunt.
873 1778 1007 1820 Recte
1041 1780 1179 1831 igitur
1198 1780 1307 1820 talia
1326 1777 1530 1820 Matthiae
1551 1779 1613 1820 sic
1630 1779 1776 1820 <inter-

262 1841 494 1893 pretatur:
525 1838 629 1892 ὅρκια
660 1836 837 1885 ἔταμνον,
878 1837 904 1877 ἅ
940 1837 1020 1877 ἐστι’
1041 1853 1091 1876 σοι
1113 1835 1291 1878 θάνατος.
1352 1836 1438 1877 Sed
1457 1836 1688 1877 dicendum
1710 1840 1779 1877 est

265 1896 415 1943 etiam,
437 1896 513 1947 qui
535 1896 701 1935 factum
723 1895 798 1941 sit,
827 1896 879 1934 ut
911 1894 974 1934 sic
1002 1896 1300 1947 loquerentur.
1325 1909 1331 1912 ’
1361 1892 1539 1935 Clarum
1573 1907 1674 1935 vero
1694 1897 1778 1940 est,

267 1953 354 1994 duo
375 1954 422 1993 in
442 1954 510 1994 his
532 1952 678 1993 verbis
699 1952 854 1999 latere,
884 1964 1022 1991 unum
1050 1951 1154 2006 ὅρκια
1182 1952 1359 1999 ἔταμνον,
1393 1951 1581 1992 alterum
1616 1949 1780 1992 θάνατόν

271 2027 324 2050 σοι
345 2012 624 2058 κατεσκεύασα,
654 2009 769 2061 quod
803 2009 1009 2049 ultimum
1044 2010 1150 2060 quia
1177 2009 1342 2050 factum
1367 2012 1462 2049 erat
1482 2008 1682 2049 feriendo
1701 2008 1781 2049 foe-

273 2067 391 2115 dere,
413 2071 649 2120 utrumque
671 2067 715 2107 in
737 2079 871 2108 unam
905 2067 1206 2120 loquutionem
1241 2066 1472 2108 confusum
1505 2069 1588 2114 est,
1620 2063 1783 2106 θάνατόν

274 2141 331 2164 τοι
351 2125 437 2180 ὅρκι’
454 2125 629 2173 ἔταμνον.
650 2148 657 2158 =
692 2123 766 2164 Sic
802 2125 847 2164 in
882 2124 958 2164 illo
979 2137 989 2163 2
1023 2122 1128 2164 Oz'fin
1163 2123 1304 2172 ψεῦδος
1324 2123 1422 2172 ἐμοὶς
1441 2121 1540 2164 ἄτας
1555 2120 1782 2171 κατέλεξας,

274 2181 320 2222 id
340 2186 423 2229 est,
455 2182 533 2222 οὔτι
555 2181 695 2229 ψεῦδος
726 2179 876 2230 ἔλεξας,
903 2181 1000 2229 ἐμοὶς
1035 2178 1133 2221 ἄτας
1166 2182 1407 2229 καταλέγων.
1483 2179 1707 2234 AEsehylus
1736 2180 1783 2220 in

277 2238 436 2292 Agam.
453 2252 492 2279 V·
514 2239 615 2281 233.
636 2237 778 2280 ''Ea->ta
798 2238 831 2277 δ’
852 2236 909 2278 οὖν
930 2237 1056 2293 θυτὴρ
1088 2237 1260 2286 «γενέσθαι
1292 2236 1501 2294 θυγατρὸς,
1538 2236 1578 2279 Γ
1580 2238 1787 2279 υναικοποί-

278 2314 346 2338 νων
366 2298 548 2344 πολέμων
568 2296 732 2352 ἀρωγὰν,
766 2293 850 2335 Καὶ
869 2297 1073 2351 προτέλεια
1095 2300 1204 2345 ναῶν,
1237 2296 1281 2336 id
1315 2301 1396 2344 est,
1418 2296 1517 2336 ἔτλα
1547 2293 1695 2350 ἀρωγάν
1713 2309 1785 2333 πο-

280 2355 409 2400 λέμων
430 2353 493 2394 καὶ
520 2357 725 2406 προτέλεια
747 2357 840 2394 ναῶν
878 2353 1182 2408 παρασκευάσαι,
1214 2351 1338 2407 θυτὴρ
1368 2354 1561 2400 «γενόμενος
1582 2350 1785 2406 θυγατρός.

281 2408 514 2464 Euripides
538 2410 708 2453 Hecub.
750 2409 847 2452 866.
872 2409 955 2452 ’“Ην
992 2409 1025 2449 δ’
1047 2408 1087 2458 ἐξ
1128 2409 1304 2463 Ἀχαιῶν
1339 2408 1498 2465 θόρυβος
1530 2409 1555 2454 ἢ
1579 2408 1784 2463 επικουριόι,

283 2466 521 2521 Πάσχοντος
536 2468 662 2523 ἀνδρὸς
683 2467 841 2523 Θρῃκὸς
875 2467 937 2508 οἷα
971 2468 1156 2515 πείσεται,
1190 2466 1308 2523 Φανῇ
1337 2484 1412 2515 τις,
1439 2465 1553 2522 εἶργε,
1584 2466 1643 2515 μὴ
1676 2465 1787 2505 δοκῶν

285 2524 383 2569 ἒμῆν
404 2527 531 2581 χάριν.
589 2525 757 2566 Ibidem
777 2539 815 2567 v.
838 2524 937 2566 885.
973 2523 1109 2565 Καλεῖ
1134 2526 1166 2564 σ’
1193 2523 1336 2565 ἄνασσα
1364 2524 1500 2568 δήποτ’
1529 2521 1787 2565 ‘Imov‘Eud-

196 2581 354 2632 174β7ι,
377 2582 435 2622 σὸν
457 2587 523 2623 οὐκ
543 2583 698 2624 ἐ’λασσον
734 2583 759 2627 ἦ
794 2583 916 2625 κείνης
948 2585 1076 2637 χρέος.
1137 2580 1304 2623 Ibidem
1337 2595 1378 2623 V.
1411 2580 1511 2623 971.
1570 2581 1625 2624 Τι’
1662 2578 1789 2635 χρῆμι’

228 2662 236 2667 -
285 2640 456 2687 ὲπέμψω
477 2640 539 2681 τὸν
561 2640 648 2688 ἐμὸν
671 2643 712 2681 ἐκ
729 2640 850 2687 δόμων
870 2639 1000 2687 πόδας
1032 2643 1076 2681 et
1097 2641 1144 2680 in
1166 2638 1339 2681 Electra
1366 2653 1408 2680 V.
1435 2637 1558 2680 1269.
1609 2637 1787 2691 Ἀλιρῥό-

285 2694 363 2736 διον
383 2696 439 2736 ὅτ’
460 2698 586 2738 ’ἔκταν’
607 2699 785 2753 ὠμόφρων
808 2695 955 2752 ἸΑραιὴ
985 2699 1093 2743 μῆνιν
1125 2695 1318 2752 θυγατρὸς
1344 2695 1788 2748 ἀνοσίων’νυμφευμοὶτων

283 2753 362 2793 ubi
383 2755 489 2799 μῆνιν
510 2756 624 2795 idem
645 2760 727 2803 est,
766 2756 881 2808 quod
915 2755 1081 2803 μήνιμα,
1111 2759 1162 2796 ut
1194 2755 1312 2809 apud
1346 2752 1594 2808 AEschylum
1628 2752 1674 2792 in
1703 2748 1787 2790 Eu-

285 2823 400 2851 men.
423 2810 522 2852 234.
545 2817 588 2854 et
609 2814 727 2867 apud
748 2812 1032 2853 Plutarchum
1054 2813 1100 2854 in
1131 2812 1360 2853 amatoriis
1391 2809 1714 2853 narrationibus
1742 2820 1787 2861 p.

284 2867 382 2910 773.
423 2867 473 2908 B.
513 2867 760 2911 Homerus:
798 2867 882 2910 “⁸525
917 2868 1035 2918 οἳμὲν
1065 2870 1254 2923 μα’ρναντο
1275 2868 1393 2916 δέμας
1420 2867 1534 2923 πυρὸς
1560 2865 1784 2913 αἰθομένοιο.
1834 2897 1838 2905 .

282 2923 446 2967 Eodem
468 2927 596 2967 modo
616 2926 718 2970 δίκην
747 2931 997 2982 usurpatur,
1038 2931 1083 2969 et
1103 2929 1235 2982 τρόπον
1257 2930 1300 2968 et
1327 2925 1477 2980 δωρεὰν,
1508 2928 1549 2965 et
1571 2925 1722 2979 προῖκα,
1741 2925 1787 2964 et

280 2981 380 3040 ἔναρ,
408 2987 456 3027 et
486 2986 611 3034 τέλος,
647 2989 691 3027 et
711 2988 843 3042 πέρας,
876 2988 921 3027 et
955 2987 1125 3039 aliquot
1154 2985 1244 3027 alia
1278 2984 1470 3036 nomina,
1515 2985 1646 3036 atque
1666 2979 1783 3036 apud
