1838 3164
166 166 265 217 ·338
635 169 641 170 ’
722 178 923 219 uursxs
942 177 1178 217 nonnum.

177 284 286 328 edit.
309 281 444 329 Gron.
466 281 608 339 Μέχρι
631 284 706 331 μέν
737 300 832 325 τινος
864 282 1040 339 (χρόνον)
1066 281 1173 327 ἡδεῖα
1200 279 1305 322 δοκεῖ
1328 278 1416 323 εἶναι
1443 278 1471 324 ἧ
1498 277 1689 335 &im-913¹&-

178 341 313 385 Plene
353 342 484 385 habet
511 340 784 394 Thucydides
814 341 891 383 lib.
926 341 990 383 iii.
1030 355 1069 384 c.
1103 339 1173 383 38.
1219 337 1302 381 Καὶ
1332 339 1468 393 χρόνου
1499 335 1690 392 διατριβὴν

177 402 477 448 {ammaim-m.
536 397 735 441 AElianus
769 398 875 442 Var.
909 397 1029 441 Hist.
1063 399 1142 441 lib.
1162 397 1205 438 Ἰ.
1236 411 1275 439 c.
1310 395 1381 439 32.
1417 393 1487 451 Τῷ
1514 395 1690 450 παρόντι.

177 457 312 500 Piene
334 460 370 500 ἐν
388 464 444 514 τῷ
462 458 622 513 παρόντι
638 458 776 513 χρόνω.
835 455 885 498 In
906 458 941 497 ἐν
963 460 1102 504 τούτω,
1133 457 1168 496 ἐν
1191 455 1299 511 τῷδε,
1311 454 1489 497 interea.
1546 451 1698 504 Theo-v

174 517 311 558 oritus
341 514 462 571 Idyll.
496 516 525 557 i.
571 528 662 557 ver.
698 502 761 556 14.
839 514 1026 569 Supplet
1055 500 1301 568 Xenophon
1332 511 1494 568 Ephes.
1538 523 1584 566 p.
1615 508 1689 551 20.

169 571 242 616 Ἐν
261 576 385 631 τούτῳ
406 579 461 630 τῷ
480 573 618 630 χρόνῳ.
676 571 746 614 Ἐν
770 575 915 629 ἀκαρεῖ.
973 571 1245 614 Themistius
1274 573 1401 613 Orat.
1435 569 1514 611 vii.
1544 581 1592 623 p.
1613 565 1687 608 86.

173 627 230 675 D.
293 630 426 673 Plene
461 629 716 673 Onosander
735 644 775 672 C.
799 644 843 672 x.
876 644 918 686 p.
940 629 1011 672 59.
1037 628 1214 685 Ἀκαρῆς
1244 631 1390 686 χρόνος.
1445 625 1515 668 Ἐν
1542 627 1694 682 βραχεῖ

171 691 312 746 χρόνῳ.
364 687 571 742 Polybius
588 692 621 731 t.
646 689 676 730 i.
709 702 752 743 p.
775 687 875 731 274.
937 687 1073 731 Porro
1093 687 1139 729 in
1161 689 1196 729 ἐν
1218 693 1273 744 τῷ
1290 687 1450 742 παρόντι
1477 698 1515 726 s.
1546 685 1690 740 χρόνῳ,

170 748 237 790 uti
260 747 466 789 similiter
485 745 635 789 Latini
657 745 707 787 in
720 745 920 803 praesenti
940 760 1018 801 pro
1038 744 1089 787 in
1112 744 1311 803 praesenti
1339 750 1532 800 tempore.
1554 757 1596 785 v.
1617 740 1692 783 Ci-

169 817 272 848 cero
299 805 356 846 ad
387 804 560 848 Divers.
592 805 667 846 lib.
704 805 751 846 ii.
787 818 857 860 ep.
899 803 964 846 10.
997 803 1103 846 Hoec
1120 803 1180 846 ad
1198 809 1238 845 te
1254 799 1512 859 inpraesenti
1528 798 1693 856 smpsi-

171 864 247 906 Sic
266 863 403 905 etiam
423 861 654 905 AEschines
676 863 844 905 advers.
866 861 1136 917 Ctesiphont.
1168 875 1213 917 p.
1234 860 1302 902 55.
1331 858 1400 901 Ἐν
1435 862 1513 900 τοῖς
1546 859 1691 915 ’ἐμπρο-

169 919 259 962 σθεν
298 922 460 977 χρόνοις.
540 918 597 963 Et
634 933 716 975 pro
750 922 875 970 ὀλίγον
915 921 1032 962 idem
1061 921 1189 975 plene
1221 919 1355 960 habet
1384 919 1511 966 ὀλίγον
1537 917 1688 972 χρόνον.

168 976 294 1021 Iliad.
324 977 377 1020 ³1¹.
408 992 450 1020 v.
471 977 572 1021 418.
635 978 995 1032 Perfrequentem
1024 991 1119 1020 esse
1146 977 1276 1031 hujus
1309 975 1514 1030 ellipseos
1543 975 1689 1016 imita-

167 1037 334 1079 tionem
364 1038 499 1078 etIam
529 1037 645 1092 apud
676 1034 878 1083 Latinos,
908 1050 948 1078 e.
987 1050 1031 1090 g.
1064 1036 1110 1077 in
1148 1040 1319 1082 aeterno,
1357 1046 1530 1080 arcano,
1565 1031 1691 1075 tutis-

165 1093 291 1141 simo,
313 1093 518 1142 consulto,
534 1093 768 1143 commodo,
789 1092 966 1143 cotidio,
994 1093 1201 1142 hesterno,
1231 1105 1375 1140 verno,
1404 1090 1594 1149 aliisque
1622 1091 1690 1132 in·

165 1153 362 1195 numeris
392 1153 589 1201 vocibus,
626 1153 755 1195 docet
791 1151 1075 1194 Burmannus
1108 1152 1166 1194 ad
1200 1150 1334 1195 Ovid.
1365 1147 1579 1191 Amorum
1607 1147 1688 1190 lib.

165 1210 229 1253 iii.
260 1212 370 1263 eleg.
395 1210 461 1252 iii.
492 1223 581 1253 ver.
606 1209 673 1253 ll.
706 1210 922 1253 Scuwssn.

222 1267 248 1295 *
281 1266 429 1321 Hujus
470 1281 644 1322 quoque
672 1269 790 1310 vocis
831 1270 1001 1324 ellipsis
1038 1268 1235 1320 vulgaris
1276 1270 1372 1313 est;
1417 1264 1690 1307 observanda

163 1324 342 1367 interitu
378 1326 422 1366 in
459 1325 504 1365 τὸ
537 1329 635 1367 πᾶν.
697 1325 887 1379 AEschyl.
923 1328 968 1366 in
1000 1323 1200 1375 Choeph.
1234 1323 1333 1363 682.
1367 1323 1419 1362 εἰς
1448 1322 1493 1361 τὸ
1521 1323 1602 1364 πᾶν
1631 1322 1690 1363 ἀεὶ

164 1381 279 1432 ξένον,
302 1384 458 1437 supple
493 1384 647 1438 χρόνου,
677 1383 794 1436 quod
828 1383 943 1423 idem
974 1382 1098 1420 addit
1127 1378 1307 1420 Eumen.
1342 1378 1440 1420 673.
1470 1377 1608 1420 πιστὸς
1639 1381 1692 1420 εἰς

166 1439 213 1481 τὸ
241 1444 323 1482 πᾶν
350 1441 505 1495 χρόνου,
548 1442 599 1481 ut
627 1440 831 1481 observat
874 1437 929 1479 cl.
972 1435 1186 1478 Abresch.
1230 1449 1274 1491 p.
1305 1435 1406 1477 445.
1474 1434 1550 1478 Sic
1579 1440 1624 1478 et
1652 1437 1691 1478 ἐν

164 1499 446 1609 ἕτερᾱςεξῧ.
464 1493 1271 1605 ’.ξεῖν..ἓῖῖ.ῖ..ῖ’.ὲζ,ἳὲῖξεέ.“ἓῑ·.ῖέ
1297 1492 1690 1607 &immitia

167 1611 373 1666 Polybius
395 1612 473 1653 lib.
495 1611 603 1652 xvii.
635 1626 673 1653 c.
695 1610 765 1652 35.
814 1609 974 1652 Strabo
992 1611 1067 1652 lib.
1090 1610 1181 1652 viii.
1213 1622 1256 1664 p.
1281 1608 1382 1656 580,
1412 1621 1491 1663 per
1511 1609 1692 1664 ellipsin

166 1671 298 1713 Simili
319 1670 472 1725 phrasi
493 1669 609 1710 dixit
631 1672 710 1710 τοῖς
730 1668 765 1708 δ’
785 1669 950 1724 ὕστερον,
969 1668 1060 1710 scil.
1083 1669 1246 1723 χρόνοις,
1273 1674 1324 1709 ut
1342 1670 1468 1708 notat
1486 1664 1694 1709 Elsnerus

167 1727 440 1770 Schediasm.
475 1723 588 1768 Crit.
619 1740 664 1780 p.
703 1725 797 1767 152.
858 1724 977 1767 Idem
1011 1726 1135 1768 deest
1166 1723 1270 1768 Luc.
1300 1725 1377 1767 xii.
1412 1725 1446 1766 1.
1478 1725 1525 1766 in
1555 1726 1591 1767 ἐν
1620 1723 1691 1768 οῖς.

166 1783 244 1828 Τὸν
266 1784 354 1835 ἑξῆς
374 1787 492 1826 αἰῶνα
513 1784 646 1826 habet
668 1782 936 1826 Heliodorus
955 1781 1153 1839 AEthiop.
1171 1797 1215 1826 x.
1237 1783 1309 1826 39.
1341 1781 1391 1823 F.
1413 1782 1490 1824 ST.

227 1843 255 1870 ’¹‘
286 1849 317 1869 ‘⁶
341 1842 513 1886 Andoc,
534 1841 578 1883 2.
600 1855 646 1897 p.
670 1842 740 1883 82.
763 1845 798 1883 t.
820 1840 864 1883 2.
898 1843 933 1882 ἐν
954 1847 1008 1899 τῷ
1040 1842 1143 1882 τότε·
1174 1841 1249 1883 sed
1280 1855 1326 1896 p.
1347 1840 1419 1882 81.
1450 1842 1486 1882 ἐν
1516 1846 1572 1897 τῷ
1602 1841 1693 1882 τότε

169 1902 308 1958 χρόνῳ·
328 1905 379 1943 ut
396 1899 531 1953 Isocr.
551 1901 608 1941 ad
631 1899 730 1942 Nic.
761 1913 807 1955 p.
831 1898 899 1941 63.
931 1903 967 1941 t.
988 1900 1019 1941 i.
1041 1900 1169 1948 dixit,
1206 1898 1267 1940 διαὶ
1285 1898 1433 1944 παντὸς
1455 1903 1522 1940 τοῦ
1539 1899 1691 1954 χρόνου.

171 1958 383 2002 Herodot.
421 1958 498 2000 vii.
530 1956 602 1999 59.
634 1957 676 2008 ἐξ
705 1961 843 2000 ἐκείνου
885 1962 953 1999 τοῦ
993 1958 1146 2013 χρόνου.
1219 1956 1332 1999 Plat.
1369 1955 1506 2010 Gorg.
1535 1955 1604 1997 58.
1644 1969 1691 2011 p.

179 2015 271 2058 195.
303 2019 340 2058 ἐν
371 2021 425 2073 τῷ
457 2014 624 2072 πρόσθεν
655 2017 795 2073 χρόνῳ.
854 2013 1045 2070 AEsehyi.
1076 2014 1195 2057 Pers.
1227 2029 1316 2057 ver.
1354 2013 1454 2056 715.
1487 2016 1522 2055 ἐν
1549 2015 1703 2070 βραχεῖ’

173 2076 315 2131 χρόνῳ.
394 2074 515 2128 Lysi.
551 2072 593 2114 2.
640 2086 684 2127 p.
725 2073 793 2115 50.
838 2077 880 2118 t..
907 2074 937 2114 i.
983 2072 1024 2123 ἐξ
1054 2075 1201 2122 ὀλίγου,
1233 2077 1283 2115 ut
1311 2075 1353 2114 ἐκ
1381 2077 1534 2115 πολλοῦ
1563 2072 1697 2117 Isocr.

172 2131 339 2185 Paneg.
360 2144 407 2186 p.
437 2131 532 2174 133.
553 2136 587 2173 t.
611 2131 642 2172 i.
677 2130 752 2172 Sic
772 2130 878 2186 δηρὸν
908 2129 1105 2183 Theogn.
1134 2130 1205 2172 47.
1240 2132 1283 2173 h.
1306 2145 1343 2172 e.
1375 2130 1518 2186 μακρὸν
1546 2130 1696 2186 χρόνον,

176 2190 241 2230 καὶ
272 2189 333 2230 ἐπὶ
362 2192 481 2230 πολύ.
513 2203 554 2230 v.
590 2186 823 2230 observat.
861 2187 987 2230 Misc.
1018 2190 1106 2230 vol.
1142 2204 1179 2230 v.
1213 2192 1245 2230 t.
1277 2188 1318 2230 3.
1350 2200 1393 2243 p.
1429 2187 1502 2229 85.
1561 2186 1695 2229 Isocr.

179 2245 369 2288 Panath.
389 2260 434 2301 p.
457 2245 559 2287 321.
578 2251 611 2288 t.
633 2245 673 2287 2.
707 2249 831 2302 τούτῳ
851 2244 1036 2287 διετέλουν
1056 2249 1184 2302 τριετῆ
1205 2246 1476 2300 μαχόμενος.”
1505 2243 1694 2287 Fischer.

179 2303 436 2347 ad'Weller.
458 2305 522 2345 iii.
550 2304 587 2345 1.
618 2317 663 2358 p.
684 2302 783 2345 265.
813 2303 925 2345 Add.
962 2303 1145 2345 Dorvill.
1182 2304 1237 2345 ad
1272 2302 1497 2344 Chariton.
1525 2315 1572 2357 p.
1592 2302 1695 2345 360.

179 2364 251 2405 cui
278 2363 488 2410 subolum
520 2362 768 2415 hujusmodi
798 2362 1054 2410 locutiones,
1085 2373 1198 2416 quas
1229 2362 1362 2414 vulgo
1391 2361 1573 2415 explent
1592 2373 1697 2402 vooe

180 2422 332 2477 χρόνος,
377 2421 542 2474 partim
570 2421 743 2473 generis
774 2421 971 2462 neutrius
998 2432 1111 2461 esse.
1187 2418 1255 2460 Ad
1287 2419 1366 2460 has
1404 2421 1554 2460 autem
1583 2418 1698 2460 nihil

180 2478 602 2522 subaudiendum.-—
622 2476 779 2519 Monui
814 2491 948 2532 supra
975 2478 1031 2519 ad
1063 2491 1106 2519 v.
1147 2475 1345 2533 Περίοδος,
1376 2477 1511 2532 χρόνος
1537 2476 1698 2518 subau-

181 2537 269 2578 diri
299 2548 427 2590 posse
457 2535 512 2577 ad
545 2549 587 2577 v.
621 2534 821 2585 ἑξάμηνος,
851 2538 1045 2592 τρίμηνος.
1075 2535 1165 2577 alia
1185 2535 1229 2575 id
1262 2548 1409 2588 genus.
1470 2531 1699 2591 Reinesius

182 2592 386 2648 Inscript.
423 2607 466 2648 p.
486 2591 584 2634 499.
619 2593 673 2634 ad
708 2591 863 2634 Marm.
903 2593 1072 2635 Arund.
1131 2599 1159 2618 “
1184 2591 1238 2634 V.
1261 2591 1330 2634 68.
1362 2593 1447 2645 leg.
1481 2594 1516 2633 ἐν
1540 2591 1697 2648 διμήνῳ,

182 2651 382 2693 bimestri
404 2653 570 2706 spacio,
601 2651 646 2692 in
665 2651 880 2693 bimestri.
942 2652 1118 2700 Δίμνινον
1136 2653 1188 2692 ut
1208 2652 1400 2706 τρίμηνον,
1413 2648 1700 2705 τετράμηνονΓ

183 2706 328 2758 Igitur
344 2722 425 2764 pro
444 2709 611 2753 neutris
641 2708 818 2749 habuit:
851 2710 967 2761 quod
1000 2709 1053 2751 ed
1083 2709 1229 2764 ipsum
1249 2709 1429 2750 bonum.
1460 2704 1700 2760 Sophocles

187 2763 341 2821 OEdip.
372 2765 471 2820 Tyr.
492 2781 534 2809 v.
555 2765 678 2808 1156.
708 2767 938 2821 ἐπλησίαζεν
969 2766 1063 2823 τῷδε
1094 2765 1220 2822 τάνδρὶ
1248 2769 1346 2822 τρεῖς
1374 2765 1483 2805 ’όλους
1509 2762 1584 2813 Ἐξ
1612 2761 1699 2818 ἦρος

183 2825 236 2865 εἰς
276 2827 474 2880 ἀρκτοῦρον
514 2824 705 2874 ἐμμήνους
748 2825 922 2879 χρόνους.
962 2825 1019 2866 al.
1057 2824 1251 2874 ἐκμήνους.
1296 2821 1503 2864 'Mutato
1538 2821 1697 2876 spiritu

182 2881 328 2926 scr-„ibo
350 2883 545 2930 ἑκμήνους.
607 2881 646 2923 Α
676 2882 789 2923 veris
821 2882 964 2931 initio,
996 2895 1084 2935 quo
1111 2885 1304 2936 tempore
1331 2892 1485 2934 greges
1522 2879 1569 2920 in
1608 2879 1703 2920 illis·

181 2939 313 2982 terris
333 2939 387 2982 τα
407 2938 572 2988 σταθμοὶ
592 2939 916 2992 relinquebant,
948 2941 1005 2981 ad
1034 2944 1178 2982 ortum
1214 2938 1391 2981 Arcturi
1420 2949 1496 2979 sex
1525 2946 1699 2979 menses

181 3001 323 3043 erant.
378 2995 514 3042 Conf.
552 2996 760 3053 Polybius
785 3001 839 3042 t„
858 2997 918 3042 iv.
949 3010 996 3054 p.
1028 2996 1130 3043 367.
1171 2994 1459 3052 Στρατοκλέους
1485 2995 1699 3052 πρυτανεύ-
