1838 3164
778 149 1082 193 ISAGOGE.
1630 149 1661 194 7

148 267 193 311 id
213 267 499 312 accedendum
516 270 599 316 est,
616 263 732 320 quod
751 264 1018 307 definitionis
1029 264 1224 307 brevitas
1245 271 1333 307 non
1352 265 1487 321 cepit.
1530 263 1664 311 Fines

147 327 266 373 enim
296 327 404 370 certi
431 322 792 382 pleonasmoruin
834 325 940 365 sunt
971 323 1184 378 ponendi,
1260 321 1488 364 Nimirum
1526 325 1663 367 verba,

148 387 251 427 sunt
272 386 427 433 multa,
455 396 554 437 quae
570 383 786 432 dialectici
807 381 960 437 abesse
990 392 1120 436 posse
1140 380 1341 428 videant,
1357 381 1490 422 ceteri
1511 382 1662 436 autern

147 447 303 484 omnes
333 442 506 496 abjecta
533 440 782 484 desiderare
813 439 998 494 possint.

148 502 254 542 sunt
270 498 552 542 numeranda.

173 576 176 579 ⁴
203 556 252 614 a)
274 555 375 600 Huc
394 556 537 599 refero
547 551 874 613 proepositiones
891 559 935 596 et
947 551 1165 609 adverbio,
1187 564 1378 609 quorum
1405 550 1473 594 vis
1486 552 1583 606 jam
1611 553 1663 598 in

147 614 282 664 Vdi'bo
299 612 542 670 composito
562 615 697 661 inest,
714 616 766 655 ut
802 612 945 654 εἰσιέναι
969 612 1021 654 εἷς
1041 610 1112 655 τὴν
1139 611 1296 668 ἀγορὰν,
1326 609 1559 666 προδραμεῖν
1588 611 1662 660 ’έμ-

146 671 324 721 ᾒσσῦέν,
359 670 619 723 καταδύεσθαι
648 670 753 725 κατὰ
790 672 881 720 «γῆς,
901 673 946 712 et
974 669 1146 723 reliqua
1166 670 1298 724 huJus
1318 668 1530 723 generis-z
1561 673 1663 723 quae

147 739 168 772 s
217 733 298 786 per
326 740 477 773 omnes
496 733 647 786 partes
666 727 971 784 persequenda
989 729 1151 777 essent,
1172 727 1395 781 infinitum
1415 731 1666 771 nasceretur

145 798 272 843 opus.
311 786 517 835 fPraestat
537 788 608 830 hic
627 787 831 828 universe
863 785 1045 834 dixisse,
1066 797 1120 827 ea
1139 785 1322 838 fluxisse
1340 791 1366 827 e
1394 784 1539 827 studio
1564 798 1667 841 per-

145 845 409 901 spicuitatis.
474 845 595 887 Adde
627 843 841 886 Praemon.
877 844 931 886 de
962 844 1209 899 praepositt.
1243 843 1293 900 b)
1312 841 1481 885 Potiori
1510 848 1666 886 autem

139 902 244 957 jure
272 908 317 946 et
346 900 480 960 plane
515 903 788 946 excludimus
820 899 1009 959 epitheta
1031 900 1222 958 poetica,
1259 902 1391 956 idque
1425 913 1527 943 cum
1558 901 1665 945 aliis

148 961 299 1003 multis
329 961 382 1003 de
410 961 572 1010 causis,
603 973 713 1015 quas
746 960 931 1002 lectores
949 959 1128 1002 facilius
1157 959 1245 1015 ipsi
1269 958 1510 1015 reperiunt,
1528 971 1668 1013 quam

149 1018 361 1061 libentius
411 1020 635 1074 expositas
679 1021 963 1073 cognoscunt,
1011 1021 1108 1059 tum
1144 1017 1263 1072 quod
1310 1016 1556 1073 pleonasmi
1604 1015 1667 1060 ad

147 1079 382 1130 utrumque
401 1074 539 1130 genus
558 1076 773 1119 orationis
801 1076 1045 1132 pertinent,
1074 1088 1176 1117 cum
1211 1076 1258 1117 in
1291 1087 1425 1130 prosa
1456 1075 1668 1130 epithetis

148 1135 335 1190 poeticis
355 1147 443 1176 non
465 1135 524 1176 sit
543 1134 678 1176 locus.
738 1132 840 1176 Vid.
869 1132 1056 1181 Quintil.
1094 1133 1172 1175 vii.
1208 1132 1340 1183 6,,39.
1362 1146 1418 1176 ss.
1477 1132 1520 1188 c)
1548 1131 1669 1177 Sunt

147 1193 300 1241 etiam,
331 1193 407 1245 qui
429 1190 697 1235 circuitiones
725 1193 819 1234 sive
839 1189 1246 1239 circumocutiones,
1283 1203 1397 1245 quas
1428 1191 1671 1247 περιφράσεις

149 1247 292 1292 Graeci
319 1250 486 1298 dicunt,
520 1252 877 1304 pleonasmorum
909 1262 1071 1303 genere
1100 1253 1145 1291 et
1164 1248 1342 1291 nomine
1374 1249 1669 1304 complectan-

147 1310 236 1348 tur.
295 1305 382 1349 Sed
406 1320 486 1349 nec
524 1309 590 1349 hae
624 1308 682 1349 ad
710 1311 1017 1362 argumentum
1055 1309 1254 1349 nostrum
1287 1307 1525 1361 pertinent.
1583 1304 1670 1349 Ea-

148 1375 248 1406 rum
267 1365 386 1407 enim
421 1366 490 1406 vis
519 1377 607 1407 non
642 1368 708 1407 est
735 1363 966 1416 recondita,
1002 1377 1144 1418 neque
1169 1365 1399 1418 quisquam
1430 1361 1563 1414 dixit,
1593 1376 1671 1407 eas

149 1431 241 1464 esse
259 1423 439 1471 otiosas,
473 1426 550 1464 aut
584 1424 630 1464 in
668 1422 726 1463 iis
764 1422 860 1464 fere
894 1421 1064 1476 aliquid
1097 1435 1192 1463 esse
1228 1423 1422 1464 otiosum
1448 1425 1494 1464 et
1521 1421 1670 1464 inane.

151 1477 288 1522 Porro
318 1481 499 1535 longum
518 1481 633 1522 foret
663 1491 738 1522 eas
773 1480 855 1522 sub
874 1485 994 1523 certa
1024 1479 1223 1535 redigere
1253 1479 1420 1535 capita,
1455 1482 1508 1522 ut
1525 1477 1595 1530 de,
1612 1479 1673 1522 iis

150 1539 376 1580 commode
410 1537 630 1594 disputari
661 1542 828 1594 posset.
902 1536 1104 1592 Denique
1135 1538 1205 1580 vel
1238 1537 1295 1579 ob
1335 1538 1449 1580 hanc
1487 1549 1671 1580 causam

150 1605 226 1637 eas
255 1596 429 1637 mittere
461 1596 687 1645 debemus,
720 1596 827 1649 quia
864 1597 1011 1640 omnis
1040 1608 1194 1638 earum
1230 1595 1441 1638 tractatio
1480 1593 1538 1637 ad
1573 1608 1672 1638 ora-

134 1654 314 1695 toriam
331 1657 377 1695 et
390 1654 610 1708 poeticam
640 1654 985 1704 institutionem,
1002 1667 1091 1696 non
1115 1654 1172 1695 ad
1192 1653 1528 1707 grammaticam
1558 1666 1673 1709 prae-

153 1712 399 1766 ceptionem
431 1712 640 1768 pertinet,
689 1723 788 1765 quae
819 1713 960 1767 magis
1004 1712 1142 1754 nostri
1179 1715 1248 1754 est
1285 1710 1478 1754 instituti
1495 1711 1536 1752 ὓ.
1620 1709 1674 1754 Si

1060 435 1169 481 Haec
1198 440 1245 481 in
1274 437 1542 494 pleonasmis
1572 452 1674 495 non,

198 1867 220 1888 ¹⁵
245 1868 326 1900 Post
349 1868 535 1910 aliquanto,
549 1878 651 1910 quam
668 1869 742 1900 haec
770 1868 878 1911 scrip-

153 1921 272 1950 seram,
299 1912 475 1944 subvereri
503 1912 607 1954 coepi,
637 1923 679 1950 ne
701 1922 877 1944 secernen-

153 1954 208 1987 dis
221 1951 265 1986 ab
276 1955 339 1987 hac
352 1956 580 1997 praeceptione
588 1957 878 1989 circumoculioni-

155 1998 381 2032 bmlaborem
407 1999 576 2040 defugisse
594 1998 740 2037 viderer,
761 2009 800 2031 ae
817 2010 878 2041 pa-

156 2052 231 2077 rum
245 2041 350 2074 etiam
378 2042 486 2083 egisse
513 2047 712 2081 constanter,
737 2053 816 2074 cum
838 2042 874 2075 in

155 2085 333 2117 verborum
362 2085 564 2126 pleonasmis
596 2096 663 2117 non
696 2085 874 2127 diligenter

152 2129 411 2167 examinassem,
434 2128 517 2171 quid
542 2130 593 2160 vel
611 2139 670 2170 per
691 2139 738 2168 se,
760 2130 815 2161 vel
838 2129 873 2161 in

153 2171 452 2204 circumlocutione
488 2174 644 2214 quadam,
679 2173 875 2212 abundaret,

151 2226 192 2248 ac
205 2216 247 2247 de
260 2220 400 2256 utroque
413 2225 535 2257 genere
548 2215 710 2248 dixissem
731 2216 875 2257 promis-

154 2269 229 2292 cue.
290 2258 411 2291 Visum
437 2264 488 2291 est
518 2258 620 2300 igitur
649 2261 804 2300 quaedam
834 2260 875 2291 de

154 2302 220 2335 hoc
233 2311 355 2344 genere
368 2302 583 2336 abundantiae
591 2302 784 2334 summatim
803 2302 876 2334 dic-

154 2348 188 2377 ta
221 2345 401 2388 subjicere,
426 2356 503 2388 quae
529 2343 708 2387 aliquando
733 2345 877 2388 copiose

154 2390 197 2420 de
210 2398 252 2420 ea
265 2388 475 2430 expositum,
495 2394 529 2421 et
543 2389 662 2422 ceteris
683 2389 788 2422 etiam
802 2390 872 2422 lec-

155 2431 300 2470 toribus,
329 2442 394 2463 non
423 2431 510 2465 nihil
535 2434 694 2474 prodesse
728 2432 869 2474 possint.

157 2475 369 2516 Periphrasazae
380 2480 508 2507 tantum
534 2476 684 2515 nomina,
711 2476 815 2507 verba
838 2482 873 2508 et

153 2517 314 2552 adverbia
325 2523 436 2559 potest
443 2518 618 2560 attingere.
659 2519 788 2551 ceterae
798 2529 875 2560 par-

152 2566 204 2593 tes
230 2560 395 2595 orationis
416 2560 475 2594 vix
501 2562 722 2595 mutationem
746 2562 874 2601 subire,

154 2603 294 2637 servatis
308 2603 445 2646 reliquis
458 2605 630 2638 sententiae
654 2605 781 2644 verbis,
796 2616 876 2646 pos-

156 2652 232 2680 sunt
259 2651 304 2686 et,
333 2647 362 2680 si
383 2647 526 2689 possint,
557 2658 658 2681 nemo
685 2654 776 2681 certe
802 2653 875 2680 tum

154 2695 314 2733 agnoscat
341 2691 568 2733 periphrasin.
619 2692 702 2725 vJam
726 2702 770 2724 ex
804 2691 876 2724 illis

155 2734 303 2767 maxime
326 2743 448 2767 nomen
472 2734 717 2768 substantivum
732 2735 798 2767 hoc
824 2746 878 2768 or·-

157 2783 314 2819 namento
328 2777 484 2810 afficitur.
529 2778 593 2811 Sed
613 2779 796 2811 tenendum
816 2785 878 2818 est,

159 2819 193 2852 in
208 2819 425 2854 substantivis
446 2820 594 2861 maxime
613 2821 765 2864 duplicis
778 2832 880 2863 gene-

159 2863 211 2909 ris
220 2863 435 2907 periphrasin
457 2864 622 2908 distingui
644 2871 822 2907 oportere3
843 2866 881 2906 a)

157 2907 232 2948 quoe
256 2907 412 2949 pluribus
435 2907 549 2940 verbis
574 2919 648 2940 rem
675 2908 809 2942 definiat
820 2914 894 2942 aut·-

160 2949 327 2983 describat
341 2962 350 2990 3
385 2952 439 2984 vel
468 2951 628 2994 propriis,
653 2957 689 2984 ut
719 2952 879 2994 Xenoph.

160 2991 242 3036 Cyri
257 2994 302 3029 D.
315 2993 369 3029 iii.
383 2997 418 3035 3,
431 2998 485 3030 45.
501 2996 544 3029 τὰ
557 2995 662 3039 τυφλὰ
683 2996 735 3030 τοῦ
745 2995 879 3039 σήματος

941 1870 1005 1900 Sco.
1036 1873 1164 1911 ter-qum
1174 1879 1191 1907 ‚·
1229 1868 1284 1900 vel
1311 1867 1492 1908 translatis,
1517 1872 1555 1901 ut
1582 1869 1670 1909 ΗΜ.

943 1913 1080 1944 Menex.
1109 1912 1177 1943 vol.
1197 1922 1230 1944 v.
1254 1922 1290 1953 p.
1317 1914 1394 1944 279.
1417 1912 1468 1946 τὴν
1496 1910 1668 1956 εἱμαρμένην

943 1955 1067 1999 πορείαν,
1081 1960 1218 1988 nwrtem
1230 1960 1288 1987 aut
1299 1961 1420 1988 statum
1431 1961 1502 1998 post
1513 1962 1672 1997 ntor-tem,-

943 1999 983 2038 b)
997 2009 1073 2041 quse
1101 2009 1168 2030 uno
1183 1998 1289 2030 verbo
1313 2000 1357 2030 ad
1371 2009 1504 2031 sensum
1533 1999 1671 2042 simpli-

942 2053 1018 2074 cem
1039 2042 1154 2074 addito
1170 2041 1379 2074 conficiatur.
1424 2043 1594 2075 Posterior
1604 2044 1678 2082 ests

939 2096 1014 2127 quae
1025 2085 1156 2117 accedit
1169 2086 1213 2118 ad
1238 2083 1432 2127 pleonasmi'
1449 2086 1610 2128 speciem,
1633 2094 1668 2120 et

940 2128 1080 2170 proinde
1113 2130 1154 2159 de
1194 2129 1259 2160 hac
1297 2130 1451 2171 quaedam
1489 2130 1666 2162 addemus.

940 2171 1160 2214 Conjungitur
1174 2182 1297 2213 nempe
1317 2183 1395 2204 cum
1419 2170 1581 2213 primario
1602 2182 1667 2205 no-

940 2216 1033 2261 mine
1060 2215 1155 2247 aliud
1191 2225 1324 2254 nomen,
1357 2216 1450 2257 quod
1484 2222 1558 2248 non'
1586 2227 1664 2249 esse

940 2258 1147 2301 primarium,
1183 2260 1242 2290 sed
1266 2259 1408 2291 ornandi
1428 2258 1578 2300 primarii
1599 2270 1665 2292 no-

941 2302 1048 2334 minis
1056 2311 1158 2334 causa
1178 2303 1382 2344 adjunctum,
1407 2310 1426 2333 e
1446 2303 1567 2335 ceteris
1586 2313 1663 2336 sen-

941 2344 1055 2378 tentiae
1069 2345 1180 2377 verbis
1194 2351 1300 2387 patet.
1342 2345 1536 2387 Significant
1548 2353 1664 2379 autem

942 2390 1015 2420 haec
1042 2388 1181 2421 nomina
1202 2390 1245 2420 ad
1272 2388 1507 2422 circuitionem
1535 2390 1663 2423 facien·

938 2434 1014 2464 dam
1028 2432 1155 2464 adscita
1172 2432 1206 2471 l)
1227 2442 1342 2475 qenins,
1366 2439 1403 2465 ut
1431 2431 1500 2472 ὄψις
1525 2433 1661 2473 ἐνυπνίου,

939 2476 1102 2508 Herodot.
1115 2485 1149 2507 v.
1175 2478 1229 2508 56.
1256 2476 1331 2518 μοῖρ’
1357 2474 1543 2517 εὐδαιμονίας,
1566 2477 1666 2510 Pind.

940 2519 1039 2560 Pyth.
1066 2518 1118 2551 iii.
1144 2521 1217 2551 150.
1243 2517 1278 2558 2)
1431 2543 1442 2559 ‚
1471 2525 1510 2552 ut
1538 2520 1663 2556 ἀσπίδος

939 2563 1030 2601 ἄντυξ
1051 2567 1085 2594 et
1109 2560 1240 2606 δούρατος
1262 2563 1363 2603 cinna>
1388 2563 1566 2597 Theocrit.
1578 2563 1666 2597 xxii.

945 2607 1016 2638 184.
1030 2617 1058 2638 s.
1102 2607 1151 2646 3.)
1174 2607 1367 2639 (ιειτ-ἰὶηιιωηι
1380 2607 1606 2649 quodcunque,
1627 2613 1666 2640 ut

941 2649 1037 2681 Iliad.
1066 2649 1108 2681 B.
1131 2651 1206 2680 387.
1234 2649 1314 2689 μὶνος
1338 2647 1441 2693 ἀνδρὸν
1467 2655 1502 2682 et
1525 2655 1560 2682 Τ.
1586 2653 1664 2683 307.

942 2692 1054 2735 Αἰνεία]
1064 2691 1127 2729 βίη.
1148 2692 1272 2734 Eurip.
1299 2692 1421 2725 Phoen.
1446 2696 1523 2726 502.
1545 2695 1663 2735 κλιμά-

943 2749 1000 2770 zm
1028 2736 1257 2780 ηοηιμβοίηις.
1321 2736 1482 2778 Xenoph.
1508 2737 1588 2778 Cyri
1618 2738 1664 2770 D.

943 2779 983 2813 ii.
1008 2781 1042 2818 3,
1069 2782 1118 2811 14.
1134 2779 1176 2811 τὰ
1198 2779 1254 2810 τόν
1278 2777 1388 2819 ἔτλην,
1413 2780 1592 2823 ‹popina-rx:
1628 2781 1666 2819 4)

942 2823 1200 2862 similitudinem,
1223 2822 1269 2863 (si
1296 2823 1381 2855 hanc
1394 2823 1593 2855 relationem
1618 2824 1665 2855 ab

942 2867 1106 2901 atti-ibatis
1127 2866 1331 2908 distinguere
1350 2866 1490 2908 placet)
1500 2873 1538 2899 ut
1561 2879 1666 2910 negav-

945 2910 989 2941 νοῦ
1008 2909 1109 2948 βέλος,
1139 2910 1290 2952 AEschyl.
1325 2909 1417 2952 Sept.
1449 2921 1480 2941 c.
1515 2910 1666 2949 Thebas,

946 2956 1033 2989 459„
1083 2954 1198 2987 Pauca
1226 2953 1299 2986 haee
1330 2954 1488 2995 exempla
1512 2953 1671 2986 conside-

946 2995 1034 3032 ranti
1057 3006 1124 3034 uon
1150 2996 1214 3033 erit
1227 2997 1422 3038 obscurum,
1436 2997 1470 3034 in
1496 2996 1676 3043 circuiti&¹
