1838 3164
667 150 1132 187 maort-mmm.
1609 127 1666 174 89

151 265 206 294 v..>
221 251 323 295 531.
386 250 529 307 Ἷραξων
550 246 785 303 προπάροιθε
815 244 1041 296 καθήμενοι.
1070 260 1104 289 s.
1133 246 1355 296 ἐκκλησιῶν.
1404 243 1669 289 -Eustathius

149 311 216 352 ita
232 310 291 352 ad
310 311 354 351 h.
374 309 471 364 l..p.
499 305 622 349 1218.
652 304 837 348 εἴληπται
862 305 932 353 μὲν
966 304 1049 346 ἀντὶ
1080 309 1149 346 τοῦ
1177 305 1398 346 ἐκκλησιῶν.
1429 315 1563 356 quam
1591 317 1666 345 vo·

150 381 244 410 cem
261 378 510 422 expressam
528 364 654 418 addit
670 361 941 418 Hesychius:
974 364 1084 419 ἷράων
1116 362 1359 404 ἐκκλησιάων.
1391 361 1438 402 in
1465 374 1508 402 v.
1539 362 1664 415 ἱρέων.

151 424 406 468 Scnwnn-)
433 421 595 466 Parum
635 421 862 477 probanda
899 420 990 463 haec
1018 421 1151 468 ratio,
1192 420 1442 470 rectiusque
1483 418 1532 459 in
1573 417 1666 460 Ho-

150 496 268 525 mero
286 495 399 524 nunc
415 481 580 534 legitur
608 480 751 535 εἰράων,
782 479 839 520 ad
867 490 1001 531 quam
1029 491 1181 519 vocem
1212 477 1323 517 nihil
1344 476 1477 530 plane
1498 475 1668 518 subau-

149 535 371 582 di'endum.
439 537 634 580 Eandem
674 535 868 578 Hesiodo
909 536 1151 578 vindicavit
1189 532 1484 576 Ruhnkenius
1524 531 1666 587 Epist.

150 593 278 640 Crit.
300 610 344 652 p.
381 595 456 638 99.
487 595 733 650 recepitque
765 596 811 636 in
845 607 925 636 sua
949 592 1217 647 Theogoniae
1245 592 1441 634 editione
1468 590 1669 633 Wolfius.

149 655 224 701 Sic
253 655 387 697 etiam
424 666 551 695 mons
582 653 656 695 ille
697 651 942 701 Messeniae,
981 653 1058 705 qui
1089 649 1189 707 Εἶρα
1224 650 1368 691 dictus
1399 651 1478 698 est,
1507 649 1670 704 passim

142 710 238 768 Ἱραὶ
266 724 495 768 perperam
525 711 746 754 scribitur.
816 708 918 753 Vid.
952 709 1152 764 Sylburg.
1181 708 1239 750 ad
1269 706 1456 760 Pausan.
1487 721 1534 763 p.
1565 705 1666 748 323.

151 768 355 812 Sonant.

203 826 331 882 Saepe
348 828 470 869 deest
497 827 546 869 in
576 830 809 876 σύγκλητος.
836 824 1022 882 Ulpian.
1036 826 1082 867 in
1106 826 1295 867 enarrat.
1314 825 1424 864 orat.
1447 821 1670 864 Demosth.

151 883 207 926 de
221 885 339 927 falsa
357 880 491 938 legat.
522 899 569 940 p.
605 883 701 926 114.
732 886 757 928 ἦ
778 884 817 926 δὲ
837 887 1053 934 σύγκλητος
1079 887 1160 936 οὐχ
1178 882 1373 937 ὡρισμένη·
1402 883 1619 930 σύγκλητος
1634 878 1673 919 δὲ

149 943 334 986 ἐκκλησία
360 941 529 987 ἐκλήθη.
571 941 623 984 F.
656 943 730 984 ST.
790 941 892 984 Vid.
922 941 1180 984 Valckenar.
1214 938 1448 982 Animadv.
1479 938 1536 980 ad
1566 937 1670 978 Am-

149 1012 266 1042 mon.
284 1013 331 1056 p.
354 999 426 1042 71.
445 1001 503 1042 ad
523 999 730 1042 Herodot.
745 1014 789 1055 p.
811 1000 914 1048 509,
942 1001 1007 1041 16.
1038 1000 1238 1040 SanEr.
1466 1027 1469 1030 -

463 1075 490 1102 ἕ
510 1073 1041 1123 ἘΚΧὙΝΟΜΕΝΟΝ,
1064 1068 1365 1127 EFFUSUM.

222 1137 275 1182 In
303 1140 473 1182 duobus
502 1141 608 1182 locis
653 1140 888 1182 admodum
918 1141 1201 1188 notabilibus,
1239 1151 1425 1192 quorum
1454 1137 1574 1191 prior
1599 1149 1673 1178 ex-

149 1199 236 1238 stat
254 1195 401 1239 Actor.
421 1197 516 1240 xix.
538 1198 581 1240 2.
602 1199 684 1240 ubi
695 1197 836 1249 *Paulo
855 1198 1162 1250 interroganti,
1202 1211 1258 1239 an
1291 1195 1500 1252 Spiritum
1531 1193 1578 1235 S.
1604 1207 1673 1236 ac-

150 1253 357 1309 ceperint,
389 1256 465 1296 ita:
483 1256 748 1309 respondent
774 1254 980 1309 Ephesii:
1027 1255 1148 1295 Ἀλλ’
1180 1254 1279 1302 οὐδὲ,
1312 1256 1342 1294 εἶ
1368 1252 1537 1298 Πνεῦμα
1568 1251 1674 1300 ἅνγιόν

151 1312 266 1360 ἐστιν,
287 1312 516 1360 ἠκούσαμεν.
577 1311 664 1354 Sed
696 1325 843 1368 neque,
879 1326 936 1355 an
967 1310 1153 1367 Spiritus
1185 1310 1367 1352 Sanctus
1397 1309 1469 1356 sit,
1504 1307 1674 1350 audivi-

148 1380 256 1410 mus.
326 1367 450 1411 Dura
489 1370 581 1411 haec
613 1373 677 1411 est
704 1370 880 1417 locutio,
913 1373 957 1411 et
1001 1370 1179 1410 homine
1207 1382 1306 1410 vere
1340 1367 1575 1409 christiano
1607 1368 1674 1408 in-

147 1425 298 1478 digna,
329 1427 407 1480 qui
438 1425 639 1482 Spiritus*
654 1426 802 1469 Sancti
834 1428 882 1469 in
914 1440 958 1468 se
988 1427 1178 1468 officium
1208 1430 1252 1466 et
1280 1425 1553 1480 operationes
1581 1437 1675 1466 sen-

102 1534 107 1536 >
146 1483 275 1532 tiens,
295 1484 347 1526 de
366 1485 461 1537 ejus
479 1486 712 1527 existentia
735 1485 1006 1527 nondumsit
1033 1488 1190 1526 certus.
1253 1483 1340 1525 Sed
1372 1496 1461 1524 non
1492 1482 1575 1523 hoc
1608 1482 1674 1522 di-

147 1553 242 1582 cere
265 1543 499 1583 voluerunt
518 1542 718 1598 Ephesii,
738 1545 848 1597 quin
878 1545 1043 1598 potius,
1077 1556 1121 1583 se
1143 1543 1225 1584 hoc
1253 1542 1431 1589 nescire,
1451 1553 1509 1582 an
1532 1542 1674 1582 soleat

149 1596 344 1652 Spiritus
373 1598 560 1643 Sanctus
591 1602 720 1642 modo
747 1605 790 1642 et
828 1614 928 1642 cum
960 1601 1118 1642 effectu
1148 1601 1409 1641 miraculoso
1438 1611 1569 1653 super
1598 1598 1675 1639 ho-

147 1657 290 1698 mines
318 1657 499 1700 effundi.
571 1658 812 1700 Probamus
836 1659 918 1701 hoc
947 1672 1003 1700 ex
1029 1659 1167 1700 altero
1197 1659 1292 1699 loco
1321 1656 1455 1699 Joan.
1486 1657 1565 1697 vii.
1597 1655 1672 1698 39.
1700 1670 1701 1673 ¹

148 1714 227 1755 ubi
244 1720 392 1757 narrat
408 1714 698 1770 Evangelista,
722 1716 875 1758 Jesum
905 1718 1104 1770 quaedam
1132 1716 1387 1771 praedicasse
1415 1715 1470 1755 de
1503 1713 1673 1768 Spiritu

148 1769 331 1821 Sancto,
351 1786 484 1826 quem
504 1775 722 1828 accepturi
753 1775 840 1816 sint
859 1776 1096 1821 credentes,
1129 1774 1326 1814 nondum
1354 1772 1677 1814 autemadhuc
1723 1795 1726 1798 -
1749 1780 1755 1784 ·

147 1835 425 1884 acceperant,
450 1832 552 1873 οὔπω
571 1833 647 1888 γὰρ
662 1831 707 1876 ἦν
728 1832 897 1880 Πνεῦμα
918 1833 1035 1880 ἅγιον.
1097 1829 1298 1872 Nondum
1332 1829 1446 1871 enim
1467 1835 1559 1870 erat
1580 1827 1678 1885 Spi-

147 1885 259 1928 ritus
281 1886 473 1931 Sanctus.
545 1888 678 1931 Ratio
712 1891 908 1930 additur:
942 1889 1042 1946 quia
1074 1887 1201 1931 Jesus
1222 1893 1316 1930 ‘non
1339 1892 1428 1930 erat
1458 1885 1676 1942 glomflca-

148 1948 232 1992 tus,
265 1945 309 1985 h.
347 1960 387 1988 e.
432 1960 510 2001 per
550 1951 709 1988 statum
740 1948 1017 1989 exaltationis
1057 1948 1111 1988 ad
1142 1947 1330 1999 gloriam
1362 1944 1562 1986 Parentis
1604 1945 1675 1986 sui

63 2043 86 2058 u„
148 2002 344 2044 nondum
371 2009 469 2046 erat
499 2005 729 2057 ingressus.
790 2002 1047 2047 Luculenter
1076 2004 1315 2045 admodum
1345 2004 1544 2057 adparet,
1575 2004 1677 2044 sub-

149 2059 478 2114 intelligendam
522 2062 592 2104 hic
623 2076 717 2104 esse
747 2075 897 2104 vocem
940 2063 1204 2116 ἐκχυνόμενον.
1277 2060 1389 2108 Quis
1431 2061 1551 2102 enim
1572 2058 1676 2102 'hoc

148 2117 281 2158 vellet
303 2122 508 2168 statuere,
537 2123 651 2162 tune·
668 2123 877 2174 temporis
908 2121 1100 2162 nondum
1134 2120 1269 2161 fuisse
1289 2118 1507 2173 Spiritum
1539 2117 1676 2160 Sanc-

146 2176 272 2216 tum?
301 2173 444 2219 Immo
464 2176 657 2219 nondum
688 2178 851 2220 effusus
879 2182 977 2220 erat
999 2192 1099 2220 cum
1124 2178 1252 2219 donis
1279 2178 1370 2218 suis
1401 2177 1676 2218 miraculosis

146 2231 195 2272 in
226 2231 457 2287 Apostolos
487 2239 530 2276 et
560 2237 672 2278 alios
702 2238 934 2278 credentes.
1005 2233 1215 2278 Conferat
1257 2236 1350 2278 haec
1380 2233 1538 2276 Lector
1576 2247 1675 2275 cum

149 2289 342 2332 aliorum
362 2294 742 2347 explicationibus,
762 2299 806 2336 et
820 2296 999 2348 judicet.
1031 2294 1298 2335 ScHOETTG;

219 2347 246 2374 *
272 2346 456 2397 Mallem
494 2364 578 2405 pro
610 2352 692 2394 hac
731 2366 851 2402 voce,
881 2354 1005 2406 cujus
1050 2354 1217 2394 nullum
1261 2364 1316 2392 ex
1345 2350 1480 2392 sacris
1521 2351 1676 2391 saltem

149 2404 431 2459 scriptoribus
474 2410 620 2451 attulit
662 2413 922 2464 exemplum,
962 2410 1224 2451 substituere
1265 2408 1547 2455 ἐπιπεπτωκὸς,
1577 2421 1677 2459 quae

150 2462 303 2504 eadem
320 2464 367 2505 in
386 2478 432 2506 re
451 2471 667 2522 usurpata
689 2472 834 2509 exstat
847 2468 995 2509 Actor.
1010 2468 1102 2510 viii.
1128 2467 1191 2510 16.
1214 2466 1317 2508 οὔπω
1336 2467 1411 2522 γὰρ
1428 2465 1472 2510 ἦν
1487 2468 1547 2507 ἐπ’
1561 2465 1675 2507 οὐδενὶ

148 2522 275 2569 αὐτῶν
295 2522 573 2566 ἐπιπεπτωκός.
606 2524 823 2566 ScHWEB.

438 2596 462 2620 ³*
480 2595 853 2645 EKXQPHMA,
875 2595 1237 2653 :EXGREMEN
1241 2597 1387 2641 TUM.

208 2658 347 2702 Deest
367 2661 488 2715 apud
505 2662 733 2718 Aristoph.
752 2662 945 2707 Ἐκκλησ.
973 2664 1098 2707 1053.
1158 2665 1293 2708 Αὐτοῦ
1313 2682 1350 2706 τι
1370 2664 1515 2720 δρῶντα
1536 2662 1678 2719 πυῤῥὸν

150 2716 242 2781 ’όψειο
261 2720 309 2766 μ’·
331 2721 475 2760 αὐτίκα
495 2720 569 2761 ὑπὸ
597 2728 665 2763 τοῦ
686 2721 800 2762 δέους.
861 2721 952 2764 Hic
988 2728 1036 2764 lu
1056 2737 1122 2765 me
1144 2723 1289 2765 statim
1308 2722 1482 2765 rubrum
1511 2720 1681 2778 aliquid

138 2774 378 2833 factentem
405 2790 496 2832 prce
541 2784 656 2820 metu
691 2778 868 2821 videbis.
912 2779 1077 2822 LEISN.
1150 2779 1404 2837 Ἐκχώρπμα
1444 2781 1519 2821 ubi
1559 2778 1679 2821 Leis-

152 2845 283 2875 nerus
311 2835 538 2888 repererit,
568 2838 737 2889 ignoro.
797 2835 995 2880 Fortasse
1030 2840 1213 2882 scribere
1248 2841 1385 2881 voluit
1428 2838 1678 2893 διαχώςημα.

152 2888 309 2932 Obiter
330 2904 509 2941 moneo,
544 2896 709 2950 optime
741 2895 903 2938 habere
936 2897 1082 2938 locum
1107 2911 1135 2938 a
1169 2897 1397 2951 Sylburgio
1429 2909 1585 2951 pamm
1612 2895 1677 2934 in-

153 2949 384 2999 tellectum,
417 2954 584 2995 temere
609 2956 833 2996 tentatum
863 2967 892 2996 a
922 2953 1097 3011 Toupio
1128 2953 1311 2997 Emend.
1341 2959 1375 2997 t..
1405 2954 1455 3000 ii.
1490 2967 1537 3009 p.
1576 2950 1677 2994 339.
