1838 3164
697 139 701 145 ’
748 150 1073 180 ΑΔῐκῐΑ-ΑιΔοιΑ.
1119 153 1123 156 ’
1620 133 1670 177 13

738 247 766 275 *
795 245 1045 290 ΑΘΗΝΑΙ
1055 280 1065 290 .

205 317 258 362 In
277 318 391 370 ἄστυ,
411 319 524 370 urbs,
553 321 728 376 quando
757 322 957 363 absolute
978 326 1025 363 et
1063 320 1155 362 κατ’
1173 318 1316 374 ἐξοχὴν
1333 320 1390 361 ab
1411 322 1670 364 auctoribus

149 379 343 432 ponitur,
374 379 577 434 inprimis
611 381 840 422 subaudiri
875 381 989 421 solet
1025 377 1204 422 Ἀθῆναι.
1236 391 1274 418 v.
1312 377 1672 432 Etymologicum

150 433 214 476 M.
246 436 293 477 in
312 450 354 478 v.
385 434 494 477 ἄστυ.
554 437 871 492 Aristophanes
906 436 1023 479 Nub.
1050 450 1092 476 v.
1113 435 1181 478 47.
1243 434 1496 477 Herodotus
1526 438 1605 478 lib.
1639 438 1668 479 i.

150 506 246 547 cap.
271 492 337 534 62.
363 491 436 534 Ἐκ
455 492 702 550 Μαραθῶνος
722 494 816 539 ἦσαν
838 494 900 540 ἐπὶ
915 495 960 534 τὸ
981 493 1081 535 ἄστυ
1101 495 1138 534 ἐς
1158 493 1284 535 τωῦτὸ
1305 495 1499 535 συνιόντες.
1564 491 1672 536 Col·-

151 551 294 592 nelius
329 549 440 605 Nep.
481 552 528 592 ii.
564 564 663 606 cap.
684 551 728 594 4.
761 550 821 593 At
851 550 1029 608 Xeroees‚
1069 549 1357 606 Thermopylis
1391 551 1670 607 e.z·pzcg⁷zati8‚

143 606 345 663 protinus
359 607 534 650 accessit
555 614 666 651 astu.
699 623 740 651 v.
765 609 932 651 Savaro
962 611 1015 650 ad
1038 609 1187 650 Sidon.
1210 608 1404 663 Apollin.
1446 610 1521 650 lib.
1552 611 1580 650 i.
1600 624 1669 666 ep.

96 692 99 693 ν
150 662 193 706 6.
225 664 322 708 Nec
353 670 500 708 tamen
522 665 708 710 Athenae
726 669 884 716 solum,
919 669 994 709 sed
1024 667 1123 708 aliae
1153 680 1328 721 quoque
1349 667 1574 721 primariae
1606 681 1671 710 re-

148 722 330 774 gionum
369 724 500 765 urbes
533 738 615 780 pro
653 728 888 766 contextus
937 726 1112 766 ratione
1153 725 1426 777 subintelligi
1463 732 1668 780 possunt.

152 778 226 822 Sic
265 781 383 835 apud
422 780 605 824 Latinos
644 796 819 836 quoque
863 785 909 824 in
948 781 1047 824 urbs
1093 782 1320 823 subaudiri
1363 783 1475 823 solet
1514 781 1668 825 Roma.

149 834 364 890 Virgilius
403 837 495 880 Eel.
532 840 560 880 i.
583 839 653 881 35.
713 838 908 897 Pinguis
944 846 986 882 et
1016 839 1202 894 ingratae
1226 844 1488 896 premeretur
1526 854 1673 882 caseus

147 893 260 936 urbi.
317 894 522 938 Tibullus
540 897 617 938 lib.
641 899 672 939 i.
689 900 745 940 el.
769 899 826 940 ix.
851 896 920 939 61.
992 896 1048 939 Te
1066 903 1190 939 canet
1218 896 1430 952 agricola,
1466 912 1491 939 e
1508 911 1671 954 magna

146 964 244 994 eum
260 952 423 995 venerit
442 953 559 996 urbe.
592 954 810 998 ScHwEB.
866 956 1078 997 Leontius
1098 955 1395 996 Scholasticus
1417 969 1458 995 v.
1475 955 1518 997 2.
1556 955 1670 998 Con-

149 1011 469 1065 stantinopolin
491 1010 589 1053 ἄστυ
609 1019 748 1056 vocat.
810 1011 1018 1055 Ceterum
1038 1027 1179 1067 neque
1207 1013 1319 1054 talia
1347 1014 1463 1055 inter
1482 1012 1670 1070 Ellipses

149 1068 392 1111 referenda.
425 1068 627 1111 SCHAEF.

565 1150 922 1200 *ΑΘΛΗΤΗΣ
951 1150 1259 1194 ATHLETA.

207 1222 259 1266 In
286 1226 486 1280 pugilum
522 1228 633 1268 varii
673 1227 847 1279 generis
875 1226 1247 1281 adpellationibus
1281 1228 1541 1282 plerumque
1570 1242 1672 1283 sup-

76 1331 80 1334 *
149 1281 358 1336 plendum
378 1287 471 1324 est:
505 1296 541 1324 e.
559 1297 600 1336 g.
621 1285 666 1326 in
683 1282 892 1339 παράδοξος
906 1285 1024 1338 apud
1045 1284 1284 1326 Arrianum
1314 1284 1431 1336 Diss.
1452 1284 1598 1340 Epict.
1619 1288 1668 1328 ii.

155 1338 223 1388 18,
253 1340 605 1395 χαῖρε,ωαραίδοξε.
664 1338 841 1394 Integre
861 1339 1076 1382 Eusebius
1112 1339 1282 1383 Histor.
1319 1341 1482 1384 Eccles.
1507 1344 1604 1385 viii.
1624 1345 1669 1386 7.

150 1400 225 1437 τῶν
254 1398 304 1439 ὦς
335 1395 495 1440 ἀληθῶς
513 1397 736 1453 παραδόξων
766 1400 837 1442 τῆς
857 1396 1071 1446 θεοσεβείας
1089 1397 1284 1441 ἀθλητῶν.
1346 1398 1497 1442 Potest
1521 1405 1670 1442 tamen

148 1453 285 1496 etiam
322 1455 594 1509 subintelligi
628 1459 800 1503 πύκτης,
840 1456 957 1508 quod
991 1456 1169 1497 addit-ur
1211 1457 1257 1497 in
1294 1469 1514 1500 marmore
1552 1459 1672 1513 apud

150 1509 249 1553 Van
289 1511 401 1554 Dale
437 1511 557 1555 Diss.
591 1514 682 1555 viii.
714 1527 758 1567 p.
788 1512 887 1555 649.
919 1516 1074 1557 πύκτην
1109 1514 1287 1555 dmm-&v
1313 1514 1550 1570 παράδοξονε
1583 1517 1670 1558 nisi

151 1569 504 1612 fortassemalis
536 1573 625 1613 tria
659 1573 744 1613 ista
766 1572 946 1613 divisim
985 1572 1143 1625 legere.
1205 1571 1291 1613 Sed
1310 1572 1364 1613 de
1396 1574 1463 1615 his
1491 1574 1672 1627 quidem

150 1627 375 1670 adeundus
414 1632 481 1670 est
514 1628 866 1682 eleg‘antissimus
905 1628 1123 1671 Zeibichii
1163 1630 1216 1671 de
1251 1631 1422 1672 athleta
1461 1629 1671 1688 παραδόξῳ

149 1683 325 1727 libellus
346 1699 387 1740 p.
407 1685 480 1728 30.
495 1690 539 1728 et
556 1700 647 1741 seq.
707 1685 845 1735 Idem,
868 1701 1027 1729 nomen
1047 1687 1464 1730 subaudiendumin
1483 1687 1669 1743 δρομικὸς,

151 1743 421 1792 παλαιστικός,
438 1744 639 1792 muneratos,
658 1745 1030 1800 ωαγκρατιαστικὸς,
1060 1743 1281 1786 πένταθλος
1319 1744 1468 1800 [plen‘e
1488 1744 1672 1789 ἀθλωτῆς

148 1799 371 1842 πένταθλος
390 1801 625 1843 Athenaeus
658 1806 687 1843 t.
710 1803 768 1843 iv.
790 1816 832 1856 p.
869 1802 931 1843 19.
968 1802 1194 1857 ScHAEF.]
1233 1804 1352 1856 apud
1380 1803 1668 1845 Aristotelem

151 1853 284 1899 Rhet.
315 1858 394 1900 lib.
418 1860 447 1900 i.
470 1872 563 1914 cap.
586 1859 625 1900 5.
656 1873 760 1914 opp.
781 1864 885 1901 tom.
909 1861 956 1901 ii.
981 1874 1022 1913 p.
1047 1859 1144 1901 618.
1165 1864 1214 1901 ut
1235 1865 1280 1901 et
1300 1862 1345 1902 in
1376 1860 1671 1916 παραδοξονίκης

153 1916 271 1969 apud
288 1913 569 1958 Plutarchum
592 1918 636 1957 in
657 1916 827 1958 Lucull.
860 1931 905 1970 p.
938 1917 1034 1958 521.
1056 1918 1109 1958 de
1129 1932 1173 1971 q.
1205 1918 1233 1958 l.
1253 1919 1541 1959 videtiterum
1570 1915 1671 1958 Zei-

153 1972 350 2015 bichium
369 1986 412 2028 p.
432 1973 504 2015 35.
525 1974 590 2029 [et
605 1972 843 2016 Ruhnken.
860 1975 906 2016 in
924 1973 1036 2016 Bibl.
1051 1974 1164 2017 Crit.
1180 1975 1224 2016 ii.
1247 1975 1280 2016 1.
1297 1989 1339 2030 p.
1356 1975 1423 2017 80.
1442 1974 1669 2030 Sennea]

153 2026 202 2070 Ε
223 2027 301 2071 ss.
610 2087 851 2138 ΑΘΛΟΝ,
882 2087 1216 2132 PRAEMJUM.

210 2158 261 2202 In
277 2161 323 2202 τὸ
342 2162 546 2217 νικητήριον
561 2161 681 2202 deest
702 2159 837 2204 ἆθλον.
860 2159 1063 2218 Xenoph.
1098 2161 1230 2218 Κύρου
1257 2163 1378 2204 Παιδ.
1400 2164 1479 2205 lib.
1502 2163 1548 2203 ii.
1570 2176 1669 2217 cap.

153 2217 194 2259 8.
209 2223 368 2274 προεῖπε
384 2218 422 2260 δὲ
453 2219 646 2274 νικητήρια
660 2218 724 2260 καῖ
740 2221 845 2261 ὅλαις
871 2225 957 2261 ταῖς
987 2221 1129 2270 τάξεσι.
1192 2220 1418 2277 Νικητήρια
1439 2219 1564 2268 ἆὲλα,
1585 2219 1672 2262 vic-

154 2274 274 2317 ton'ae
303 2274 500 2333 praemia,
540 2277 669 2331 plene
706 2277 822 2320 dixit
861 2277 989 2320 Plato
1027 2280 1081 2320 de
1120 2277 1326 2332 Legibus.
1406 2277 1591 2320 Omittit
1626 2284 1672 2320 et

154 2331 379 2389 Aristoph.
398 2333 547 2387 Equit.
566 2347 608 2375 v.
635 2333 756 2376 1:250.

212 2390 240 2417 '¹'
259 2388 312 2432 In
328 2390 491 2447 δεύτερον
513 2392 579 2432 vel
605 2391 773 2447 δεύτερα.
833 2392 1044 2435 Moschus
1063 2392 1126 2434 Id.
1147 2394 1204 2434 iv.
1225 2408 1267 2435 v.
1296 2392 1487 2442 57.-μῆ
1517 2392 1672 2448 δεύτερα

154 2449 228 2488 σεῖο
244 2450 413 2503 φέρηται.
434 2462 471 2490 s.
492 2446 613 2490 ἆθλα.
646 2447 780 2491 Plene
799 2454 868 2493 est
894 2451 1013 2506 apud
1040 2450 1322 2493 Theocritum
1353 2450 1414 2492 Id.
1449 2452 1479 2491 i.
1499 2464 1538 2491 v.
1568 2450 1674 2492 3.—

154 2505 260 2553 μεταὶ
278 2503 398 2546 Πᾶνα
416 2506 460 2546 τὸ
490 2505 655 2562 δεύτερον
680 2505 800 2549 ἆθλον
830 2511 980 2564 ἄποισῇ.
1013 2508 1225 2550 SCHWEB.
1286 2510 1360 2550 Sic
1379 2508 1674 2562 supplendum

155 2560 275 2603 ἆθλον
291 2563 338 2603 in
354 2563 604 2618 Apollonid.
628 2563 799 2618 Smyrn.
821 2566 884 2607 iii.
901 2569 969 2606 οὐκ
983 2565 1026 2610 ἦν
1043 2565 1252 2609 Ἀλκείδεω
1267 2571 1380 2608 τοῦτο
1395 2566 1439 2607 τὸ
1453 2565 1675 2606 δωδέκατον.

156 2617 354 2661 SCRAEF.

601 2679 629 2706 *
647 2677 896 2727 ΑΙΔΟΙΑ,
913 2677 953 2722 P
961 2679 1238 2732 UDENDA.⁸

213 2747 323 2792 Haec
342 2764 427 2792 vox
458 2752 579 2794 deest
601 2753 648 2795 in
671 2752 996 2803 διεσκολυμμένος,
1028 2755 1122 2795 scil.
1146 2755 1251 2796 κατὰ
1269 2755 1322 2795 τὰ
1335 2754 1474 2803 αἰδοῖα,
1495 2755 1525 2795 i.
1548 2768 1585 2794 e.
1616 2752 1672 2801 2⁸8,

156 2805 230 2847 cui
247 2806 514 2862 (veretrum)
545 2809 722 2866 penitus
748 2815 949 2852 retectum
977 2816 1018 2852 et
1036 2811 1247 2854 nudatum
1268 2818 1340 2853 est.
1392 2810 1451 2853 ‘In
1473 2814 1675 2866 ἀποσεσυρ-

155 2866 264 2912 μένος
297 2866 451 2908 eadem
485 2880 570 2909 vox
599 2867 903 2910 subaudienda
940 2873 1021 2911 est.
1057 2871 1149 2912 vid.
1184 2868 1586 2923 Schol.1Aristoph.
1619 2869 1677 2909 ad

156 2918 291 2976 Equi(
311 2936 420 2967 vers.
443 2923 539 2968 960.
560 2929 607 2969 et
626 2925 815 2969 Acharn'.
838 2940 879 2968 v.
916 2925 1015 2971 157.
1074 2926 1265 2983 Hesych.
1297 2928 1344 2970 in
1381 2928 1675 2975 ἐσκολυμμένον,
