1838 3164
565 117 880 167 PLEONASMI
906 116 1226 165 VERBORUM.
1593 113 1648 158 77

143 233 250 287 quid
269 239 314 278 et
322 235 515 296 fortuito
540 230 708 281 factum
725 249 837 285 esse,
866 236 952 277 etsi
980 248 1051 277 res
1080 235 1205 290 ipsae,
1234 248 1333 288 quae
1365 231 1646 281 concurrunt,

141 291 360 337 interdum
394 297 513 338 casui
548 294 906 347 sunu-subjectae.
965 290 1083 334 Nam
1113 297 1166 334 ut
1198 293 1319 333 aliud
1337 293 1471 334 etiam
1508 303 1648 333 exem-

142 347 268 402 plum
282 353 462 401 addam,
481 354 528 395 in
547 352 657 396 Plat.
679 350 917 394 Phaed.v01.
937 350 970 390 i.
983 362 1046 404 ‚ps
1070 347 1166 391 152.
1188 347 1277 390 εἶναι
1297 348 1496 398 ξυμβαίνει
1526 347 1652 390 casui

141 416 323 512 ms
338 414 565 465 repugnat.
624 408 770 451 Verba
789 411 914 448 sunt:
966 404 1170 462 Ka'S'oepms
1190 406 1228 448 δὲ
1264 403 1352 447 εἶναι
1373 404 1447 461 ἄρα
1465 408 1508 446 οὖ
1536 408 1650 445 τοῦτο

204 507 207 511 ,
262 465 358 516 iret,
391 467 481 523 ὅπερ
498 469 626 509 πάλαι
645 467 681 506 ἐν
706 471 760 521 τῷ
790 465 893 520 λόγῳ
907 466 1080 512 λέγεται,
1111 463 1157 503 τὸ
1184 465 1360 519 χωρίζειν
1388 462 1446 503 ὅτι
1474 463 1651 511 μάλιστα

144 518 224 569 α’·ῐὸ
241 528 309 566 τοῦ
337 525 513 572 σώματος
538 524 609 567 τὴν
637 519 782 575 &cxiv
797 525 878 563 ete.
938 518 1153 576 Purgatio
1175 534 1273 562 vero
1290 532 1429 562 nonne
1457 515 1651 562 convenit

142 575 265 630 zat-sit
281 579 372 629 hoc,
393 580 508 637 quod
527 579 686 621 dudum
704 578 751 620 in
765 578 842 620 hac
860 575 1151 634 disputatione
1181 575 1391 619 diximus.
1404 604 1419 618 .
1436 606 1449 618 .
1463 581 1506 619 .?
1563 573 1652 616 Res

144 633 245 688 ipsa
260 639 406 679 tamen
425 650 575 678 casum
592 640 738 691 potest
757 637 958 691 prodere,
976 639 1028 676 ut
1046 649 1147 677 eum
1167 635 1358 677 dicitur:
1382 637 1516 682 συνέβη
1536 631 1651 674 αὑτὸν

143 696 386 743 τελευτῆσαι,
401 694 463 734 ὅτε
483 698 596 735 τοῦτο
613 696 767 743 ἐγένετο.
829 691 881 734 In
899 693 1063 735 talibus
1080 693 1228 747 prima
1247 692 1511 746 significatio
1529 689 1651 732 verbi

143 747 342 801 obtinet:
362 764 490 792 >mors
511 752 606 804 ejus
626 752 672 792 in
693 751 810 792 idem
830 755 1005 805 tempus
1033 749 1163 804 quasi
1183 748 1339 792 collata
1368 754 1430 790 est
1446 752 1491 790 et
1508 759 1652 790 conve-

143 803 227 855 nit,
247 820 334 863 quo
353 809 461 849 illud
481 809 646 850 factum
676 813 757 851 est.
816 807 918 849 Suis
951 820 1058 860 ergo
1085 808 1231 849 causis
1267 819 1385 848 mors
1418 809 1655 847 consecuta

143 865 238 930 eet:
247 865 345 964 Ε
364 878 466 907 casu
497 866 585 907 fuit
603 867 836 919 conjuncta
866 878 965 908 eum
985 865 1120 914 facto,
1141 864 1260 919 quod
1279 865 1419 906 altero
1436 865 1653 906 commate

144 921 260 975 sign·
342 927 424 964 tur.

200 975 400 1020 Eundem
430 981 476 1021 in
498 979 674 1021 modum
693 980 909 1034 disputari
945 982 1091 1034 potest
1111 980 1166 1021 de
1185 993 1227 1021 v.
1264 974 1653 1021 ΣΎΜΒΑΛΛΕΣ-

144 1033 278 1084 ΘΑΙ,
299 1036 531 1085 convenire,
566 1050 804 1092 congruere.
863 1035 1023 1079 AEneas
1059 1038 1104 1078 in
1126 1036 1358 1078 Poliorcet.
1379 1049 1417 1077 c.
1443 1033 1508 1075 18.
1543 1032 1654 1081 Συμ-

145 1091 340 1140 βάλλὲται
362 1094 532 1144 ’γίνεσθαι
566 1093 896 1150 Τημένῳ“Ροδίων
925 1093 1106 1147 ἐνἸωνίφι
1124 1092 1248 1142 Τέως,
1267 1095 1382 1134 πόλις
1411 1089 1624 1140 εὐμεγέθης
1639 1104 1653 1131 :

144 1161 212 1191 res
228 1149 278 1192 in
294 1165 343 1193 eo
370 1150 582 1199 convenit,
602 1165 652 1193 eo
683 1150 826 1193 omnia
843 1151 1020 1194 redacta
1035 1158 1151 1201 sunt,
1169 1158 1219 1194 ut
1249 1149 1425 1192 Temeno
1445 1146 1655 1191 accederet

157 1204 274 1256 Teos,
308 1222 470 1264 magna
499 1208 597 1251 urbs
632 1207 903 1252 Rhodiorum
930 1208 978 1250 in
1011 1208 1150 1251 Ionia.
1225 1208 1509 1256 Συμβάλλεται
1551 1217 1657 1257 ergo

147 1263 266 1307 idem
295 1270 378 1314 est,
398 1268 516 1319 quod
547 1268 756 1315 συμβαίνει.
817 1266 982 1308 Eadem
1002 1267 1135 1315 ratio,
1171 1270 1262 1308 tam
1281 1268 1501 1307 structura
1521 1274 1656 1315 quam

147 1333 248 1371 usu,
284 1327 351 1365 est
368 1324 598 1365 verborum
630 1327 840 1378 συγκυρεῖν,
871 1325 1101 1372 συμπίπτειν
1131 1328 1176 1365 et
1215 1324 1430 1377 συμφέρειν,
1447 1319 1566 1374 quod
1582 1331 1658 1360 ex-

148 1380 306 1434 emplis
325 1381 518 1424 illustrat
534 1378 713 1422 Fischer
731 1381 779 1422 in
798 1381 1032 1423 Animadv.
1054 1381 1137 1423 sub
1160 1376 1528 1422 ZTMBAINEI.

785 1467 1002 1512 TAAIN.

209 1539 307 1583 Hoc
325 1555 364 1584 v.
385 1543 501 1585 inter
522 1542 794 1585 abundantia
812 1543 1027 1591 referunt,
1057 1541 1136 1583 ubi
1168 1542 1340 1583 videtur
1358 1541 1415 1582 ad
1432 1540 1657 1595 periphra-

152 1599 223 1640 sin
240 1599 484 1641 faciendam
515 1600 730 1647 adhiberi,
762 1601 875 1641 sicut
905 1599 1131 1653 Aristoph.
1166 1597 1284 1640 Plut.
1306 1597 1404 1640 280.
1455 1599 1592 1652 φράσαι
1624 1595 1660 1636 δ’

152 1654 257 1697 οὕτω
276 1658 470 1700 τέτληκας
488 1658 592 1705 ἡμῖν.
652 1655 739 1699 Hic
768 1665 830 1711 φρ.
853 1664 966 1696 τετλ.
989 1657 1179 1710 explicet
1198 1669 1320 1703 sane,
1341 1655 1418 1708 qui
1438 1655 1548 1701 vult,
1565 1654 1660 1695 solo

152 1713 286 1754 verbo
322 1715 519 1770 ἐ’φρασας;
559 1715 651 1756 vim
688 1717 804 1756 certe
840 1726 1061 1767 magnam,
1104 1726 1199 1765 quae
1249 1714 1376 1761 inest,
1422 1713 1483 1753 sic
1522 1712 1660 1755 tollet.

151 1767 262 1812 Eam
298 1771 337 1812 si
367 1773 497 1826 plane
526 1771 747 1814 declarare
773 1771 900 1818 velis,
944 1771 1026 1812 hoc
1063 1770 1158 1811 fere
1189 1771 1318 1811 modo
1349 1769 1513 1824 possis:
1553 1768 1661 1824 (prae

141 1825 336 1884 fallendi
372 1834 514 1870 autem
546 1827 712 1883 studio)
740 1827 929 1870 nondum
958 1825 1203 1870 sustinuisti
1235 1826 1356 1871 nobis
1388 1825 1540 1872 dicere,
1568 1825 1663 1866 sive

151 1884 343 1927 nondum
368 1885 552 1942 potuisti
563 1884 614 1927 in
630 1884 823 1927 animum
840 1883 1055 1932 inducere,
1075 1890 1123 1926 ut
1138 1883 1256 1926 nobis
1276 1883 1447 1926 diceres.
1505 1882 1657 1924 Germ.

154 1939 232 1984 Du
262 1941 355 1984 host
386 1955 430 1983 es
460 1941 566 1985 noch
601 1941 717 1984 nicht
750 1941 852 1983 uber
890 1941 966 1984 das
1003 1941 1121 1983 Herz
1159 1940 1337 1997 bringen
1373 1940 1539 1983 konnen
1576 1942 1661 1980 etc.

156 1997 355 2041 Maxime
373 2004 522 2041 autem
541 2000 806 2042 conferenda
824 2003 943 2047 sunt,
963 2012 1061 2053 quae
1078 1999 1138 2042 ad
1155 2012 1241 2053 seq.
1264 2006 1415 2054 τολμᾷν
1443 1998 1659 2040 dicimus:

153 2069 257 2098 nam
271 2070 448 2112 prorsus
466 2058 619 2100 eodem
637 2058 766 2099 modo
784 2061 1038 2111 usurpatur.

751 2145 1067 2189 TOAMAIN.

227 2221 457 2266 Fischerus
493 2224 538 2265 in
577 2222 810 2264 Animadv.
857 2221 920 2263 iii.
965 2222 1010 2263 b.
1056 2219 1127 2262 48.
1166 2221 1389 2263 abundare
1430 2220 1662 2274 significat.

158 2278 357 2323 Breviter
374 2285 524 2322 autem
545 2281 635 2328 ille,
656 2283 707 2322 ut
727 2281 839 2321 solet
859 2280 906 2319 in
927 2280 1115 2320 talibus:
1148 2284 1179 2303 ‘⁶
1204 2280 1395 2326 τόλμησον
1423 2275 1663 2333 χαρίσασθαι

160 2344 192 2365 “
223 2338 268 2380 h.
290 2351 328 2380 e.
360 2340 521 2393 χάρισαί
538 2355 602 2385 μοι
624 2338 665 2385 ;”
693 2341 739 2378 et
771 2336 955 2377 deinde:
986 2338 1104 2376 ποιεῖν
1124 2336 1311 2386 ἐτόλμων,
1340 2336 1385 2376 h.
1406 2349 1443 2377 e.
1474 2333 1662 2376 {vofowss’

159 2392 447 2437 Commodum
496 2395 634 2448 igitur
680 2395 853 2435 videtur
898 2393 1097 2447 pluribus
1140 2392 1193 2433 de
1241 2406 1324 2434 usu
1373 2394 1469 2446 eJus
1515 2403 1662 2445 agere,

158 2453 400 2508 prasertim
428 2465 524 2493 cum
554 2456 600 2493 et
634 2452 792 2499 lexica,
831 2464 855 2492 e
892 2451 1053 2503 quibus
1080 2450 1281 2504 plerique
1326 2450 1515 2504 pendere
1543 2448 1663 2500 cogi—

161 2523 276 2559 mur,
307 2521 396 2551 non
433 2521 606 2550 omnem
634 2510 732 2562 ejus
766 2509 856 2549 vim
891 2508 1125 2549 declarent.
1196 2505 1413 2560 Sequente
1442 2507 1535 2547 fere
1566 2505 1662 2546 infi-

73 2602 78 2606 Α
162 2569 319 2614 ultim,
339 2567 484 2607 rarius
510 2567 762 2620 participio,
787 2565 982 2619 proprie,
1010 2568 1089 2605 aut
1116 2566 1230 2605 certe
1257 2565 1419 2606 usitate
1446 2563 1663 2616 loquenti-

160 2625 262 2671 bus,
280 2623 389 2665 illud
408 2628 491 2670 est,
513 2623 628 2678 quod
646 2622 737 2664 fere
756 2635 893 2677 unum
913 2621 1111 2670 affertur,
1121 2619 1323 2676 periculis
1341 2626 1418 2664 aut
1437 2619 1662 2677 difficulta-

162 2681 276 2724 tibus
292 2679 476 2722 extemis·
507 2693 595 2721 non
625 2677 843 2728 deterreri,
880 2691 962 2734 quo
991 2677 1131 2720 minus
1161 2676 1333 2734 aliquid
1354 2676 1517 2736 facias.
1578 2675 1666 2716 Sed

164 2739 322 2780 deinde
339 2739 442 2779 etis
475 2737 636 2779 dicitur
665 2744 832 2790 τολμᾷν,
865 2735 942 2791 qui
967 2734 1107 2776 causis
1131 2734 1248 2776 intra
1268 2734 1410 2791 ipsum
1441 2733 1552 2782 siti8‚
1574 2731 1666 2774 suis

161 2806 313 2854 nempe
332 2792 625 2850 opinionibus,
651 2792 852 2844 semibus,
872 2791 1195 2849 cupiditatibuS,
1226 2805 1254 2833 a
1278 2806 1324 2833 re
1347 2805 1434 2834 non
1462 2788 1666 2833 abstrahi-

163 2859 245 2894 tur.
299 2852 526 2906 Aristoph.
547 2850 679 2906 Vesp.
698 2849 798 2891 326.
826 2848 1047 2901 Τόλμησον,
1081 2848 1193 2899 ἄναξ,
1227 2849 1468 2905 χαρίσασθαί
1498 2865 1578 2898 μοι,
1613 2861 1666 2889 ne

164 2915 220 2960 te,
239 2923 318 2954 rea:
333 2907 564 2967 (Jupiter,)
583 2906 841 2954 conscientia
868 2905 1101 2966 majestatis
1128 2911 1226 2959 tuae,
1257 2913 1335 2951 aut
1359 2903 1568 2964 cogitatio
1596 2903 1665 2948 in·
