1838 3164
713 136 1071 171 ΑοΓοΣ-ΔΟῊΡΟΝ,
1597 125 1673 169 161

154 235 224 278 τίνι
248 235 324 293 *γάρ
346 238 409 279 καὶ
428 239 590 285 ’ἔμελλον
610 239 709 280 οὕτω
736 235 920 281 κήδεσθαι
953 254 1021 279 του
1051 235 1310 286 διδασκαλους
1342 236 1544 286 Quanam
1559 239 1677 283 enim

157 292 210 335 de
226 292 417 351 (caussa)
444 301 605 338 tantam
623 295 824 351 mag-istri
841 307 987 336 curam
1014 293 1208 337 lzabzturi
1237 299 1389 338 erant?
1432 296 1678 352 Suppletur

155 355 304 393 autem
341 366 425 395 vox
454 355 567 402 λογος
595 354 644 396 in
678 354 850 396 duobus
882 354 989 394 locis
1020 352 1140 394 infra
1169 353 1226 395 ad
1256 355 1582 409 praepositionis
1614 357 1678 397 ἐπὶ

154 405 342 463 Ellipsin
360 410 571 454 adductis.-

212 464 287 508 Sic
306 467 383 508 et
370 475 416 508 ln
452 468 681 508 παντάπασι
709 468 829 521 apud
849 466 1080 510 Platonem
1108 468 1162 510 de
1183 467 1296 523 Rep.
1319 469 1369 511 ii.
1402 483 1445 524 p.
1470 469 1564 512 116.
1596 471 1675 512 ubi

153 535 267 565 unus
281 524 550 578 interrbgat:
579 523 719 566 Ἀλλὰ
737 525 815 571 μὴν
849 527 988 580 πρώτη
1013 544 1059 576 γε
1091 526 1155 567 καὶ
1184 529 1353 575 μεγίστη
1382 533 1458 568 τῶν
1486 531 1623 583 χρειῶν
1650 529 1676 571 ἧ

153 583 226 624 τῆς
244 584 384 636 τροφῆς
408 581 651 637 παρασκευὴ,
670 598 737 624 του
756 599 786 622 ει
775 579 849 623 wal
879 600 921 623 τε
944 583 1008 624 καὶ
1038 583 1146 637 ζῇν“
1129 602 1181 625 ενε
1184 598 1264 631 κα;
1296 584 1454 626 Annon
1466 584 1614 640 prima
1634 591 1676 627 et

151 637 343 680 maxima
378 652 568 683 ommam
598 638 893 682 necessitatum
922 647 983 682 est
1015 640 1103 682 cibi
1127 642 1406 698 praeparatio,
1441 647 1492 683 ut
1520 656 1606 684 esse
1635 648 1678 684 et

150 693 293 737 vivere
323 702 557 752 queamus?
585 698 699 739 alter
736 698 996 752 respondet:
1047 698 1291 740 Παντάπασί
1328 718 1388 748 ιγε.
1471 698 1675 742 Οηιηίηο.

152 750 240 794 Hie
258 753 559 807 intelligenda
563 768 649 796 vox
679 756 820 804 λόγοις,
848 758 897 797 ut
913 759 1011 797 tota
1030 758 1300 821 constructio
1330 758 1487 798 similis
1509 759 1565 799 sit
1587 758 1674 806 illi,

151 809 462 868 ἐιωαντὶλόγῳ,
483 812 600 854 omni
611 810 797 860 ratione,
830 813 874 854 h.
897 826 936 854 e.
959 812 1144 856 omnino.
1207 814 1515 857 Similislocus
1535 820 1600 858 est
1626 817 1676 858 in

150 866 235 908 fine
253 869 350 920 eJus
369 855 472 911 libri
494 884 540 924 p.
563 870 658 911 156.
692 870 958 912 Scuossrm.

206 925 233 951 ¹*
261 923 437 969 Terent.
458 925 569 983 Hec.
593 926 795 971 Omnzbus
808 927 948 971 modis
962 942 1089 971 mzser
1100 936 1209 972 sum.
1226 931 1457 973 παντάπασι
1473 931 1677 986 δυστυχω.

91 1026 94 1027 .
152 979 338 1024 Bmum.

397 1049 672 1099 *ΛΟΓΟΣ
702 1049 782 1093 RA
795 1050 908 1101 TIO,
929 1050 1044 1095 DIE
1060 1051 1416 1098 RECHNUNG.

207 1130 259 1174 In
278 1148 379 1173 συναι
369 1133 466 1188 ι’,ρειν
488 1132 652 1176 Matth.
672 1135 800 1176 xviii.
833 1134 902 1177 24.
933 1150 1035 1179 xxv.
1081 1135 1149 1179 19.
1183 1139 1416 1194 suppletur
1447 1139 1574 1182 xviii.
1597 1139 1672 1182 23.
1713 1127 1720 1133 ’

150 1188 418 1232 Sononrro.

444 1248 470 1275 *
491 1246 729 1299 ΛΟΓΧΗ,
750 1248 1010 1300 LANC'EA,
1032 1250 1365 1295 SPIC'ULUM.

204 1329 254 1372 In
274 1331 351 1373 illo
370 1332 605 1386 proverbio
624 1332 743 1386 apud
777 1331 983 1374 Suidam:
1017 1333 1060 1373 δι’
1095 1332 1173 1383 ὂίξε
1160 1351 1219 1375 ιας
1239 1333 1410 1389 δραμεῖν.
1439 1349 1475 1377 s.
1496 1337 1670 1390 λογχπς.

145 1389 263 1442 quod
281 1388 362 1431 de
349 1390 406 1430 lis
419 1389 597 1436 dicitur,
618 1391 694 1442 qui
718 1390 764 1430 in
784 1391 981 1444 periculo
1002 1391 1153 1444 aliquo
1165 1396 1416 1434 versantur.
1449 1392 1670 1436 Scnwssn.

144 1443 244 1488 Vid.
265 1444 459 1502 Lennep.
482 1447 538 1488 ad
560 1446 733 1488 Phalar.
754 1460 796 1502 p.
813 1446 910 1489 267.
928 1449 971 1490 b.
1002 1447 1208 1490 ScHAEr.

531 1539 559 1565 ²*
580 1528 908 1597 ΛΟΙΔΟΡΙΑ,
932 1538 1046 1582 CAL
1056 1539 1274 1583 UMNIA.

176 1621 520 1677 Aristophanes
554 1621 748 1664 Acharn.
783 1622 883 1665 380.
931 1626 1017 1664 ww
997 1642 1067 1665 υινε
1070 1642 1086 1665 ν
1121 1626 1251 1679 ponit
1283 1638 1367 1680 pro
1395 1624 1666 1675 maledicere,

143 1692 217 1721 seu
246 1678 414 1736 probris
444 1693 627 1723 onerare.
690 1679 832 1722 Deese
865 1685 960 1722 tum
981 1683 1158 1724 videtur
1179 1691 1237 1723 λοι
1240 1682 1316 1738 δορί
1304 1702 1390 1725 ιι.ας
1454 1682 1570 1738 Chry
1573 1698 1668 1725 sos-

142 1740 288 1780 tomus
319 1739 365 1779 id
399 1739 660 1779 vocabulum
696 1738 860 1780 alicubi
891 1739 1027 1780 addit.
1129 1701 1299 1795 [Additp
1327 1740 1513 1783 Photius
1556 1740 1666 1783 Bib-

140 1795 268 1836 lioth.
289 1809 385 1851 cap.
422 1795 498 1844 25,
518 1795 558 1837 7.
619 1796 885 1837 Similiter&
868 1814 935 1837 ονει
927 1796 1032 1837 ιἰδεσν
1062 1797 1186 1838 addit
1208 1796 1402 1839 Basilius
1433 1797 1495 1839 M.
1533 1797 1666 1841 Orat.

141 1852 197 1894 ad
214 1851 363 1909 Juv.p
369 1852 470 1895 .95.
495 1854 563 1895 ed.
583 1853 711 1894 Grot.
773 1852 874 1895 Vid.
902 1853 1043 1907 Toup.
1076 1853 1256 1895 Emend.
1289 1855 1335 1896 in
1370 1854 1493 1897 Suid.
1529 1860 1564 1897 t.
1597 1858 1665 1898 iii.

139 1922 185 1963 p.
223 1910 317 1953 102.
333 1868 503 1953 pKoen.
542 1912 598 1952 ad
637 1910 823 1964 Gregor.
857 1924 904 1964 p.
951 1911 1046 1953 127.
1108 1909 1300 1954 Brunck.
1336 1913 1392 1953 ad
1429 1913 1662 1968 Aristoph.

141 1966 259 2009 Plut.
277 1981 320 2011 v.
356 1968 479 2011 1061.
513 1969 570 2010 ad
600 1961 703 2009 Pac.
734 1983 776 2009 v.
812 1967 911 2010 971.
944 1968 1168 2024 Sonam]
1229 1969 1550 2026 Aristophanes
1582 1974 1664 2014 eti-

64 2056 69 2063 ·
140 2039 214 2069 am
241 2026 287 2067 in
330 2025 443 2068 Pace
465 2025 563 2067 638.
592 2026 774 2067 verbum
805 2028 907 2067 σείειν
942 2039 1024 2080 pro
1056 2026 1285 2069 calumniis
1317 2041 1489 2070 vexare
1504 2042 1585 2083 per
1601 2031 1663 2071 el-

139 2084 271 2138 lipsin
293 2084 410 2126 vocis
434 2093 491 2124 λοι
495 2083 571 2139 δορί
559 2102 630 2125 ιαις
645 2085 785 2138 ponit.
818 2082 979 2125 Lmsn.
1040 2083 1108 2125 De
1140 2085 1303 2140 ellipsi‚
1338 2086 1549 2128 Leisnero
1570 2100 1663 2129 non

140 2142 371 2183 assentior.
430 2140 560 2182 Sedes
563 2142 641 2182 Am
660 2146 778 2183 recte
800 2142 946 2183 vertit.
1007 2140 1330 2197 Aristophanes
1342 2141 1519 2196 Fragm.
1552 2145 1662 2185 Δαι-

139 2207 232 2240 ταλ.
254 2212 326 2240 ΧΧ.
337 2197 421 2239 ’‘Eo
400 2216 504 2257 σειον2
525 2198 639 2254 ’ήτουν
658 2199 856 2254 χρήματ’,
879 2200 1039 2241 imam]
1018 2218 1074 2248 υν,
1094 2202 1215 2241 πάλιν
1231 2198 1550 2253 Ἐσυκοφαέντουν.
1585 2202 1662 2243 Al-

138 2257 318 2310 ciphron
352 2257 414 2297 iii.
452 2269 522 2310 ep.
559 2256 628 2298 70
658 2261 724 2297 οὐκ
759 2259 801 2297 ἐκ
832 2255 1028 2311 δικαστήρι’
1016 2275 1094 2305 ι,ων
1131 2257 1257 2299 οὐδὲ
1243 2275 1285 2297 εκ
1323 2275 1390 2299 του
1422 2259 1524 2299 σείειν
1554 2276 1662 2301 κατα

139 2316 230 2368 α’·γορ
233 2313 276 2354 ἂν
309 2313 457 2355 ἀδίκους
484 2316 543 2354 ἐπι
534 2319 682 2355 monzun
710 2316 858 2370 πόρους.
917 2314 1021 2355 Vid.
1042 2313 1190 2356 Vales.
1212 2315 1269 2355 ad
1298 2313 1459 2357 Euseb.
1485 2315 1659 2359 Histor.

138 2331 300 2412 Eccles.
315 2372 391 2412 vii.
414 2369 484 2412 30.
504 2384 548 2425 p.
568 2371 667 2413 360.
689 2371 730 2412 5.
751 2373 818 2413 ed.
841 2371 978 2412 Read.
1016 2371 1166 2414 Maius
1202 2370 1387 2414 Observ.
1420 2373 1545 2415 Sacr.
1577 2375 1659 2417 lib.

139 2428 182 2468 ii.
219 2440 319 2482 pag.
351 2428 419 2470 75.
445 2441 542 2482 sqq.
600 2428 767 2472 Albert.
804 2430 861 2470 ad
882 2428 1076 2482 Hesych.
1105 2435 1212 2472 tom.
1242 2430 1291 2471 ii.
1324 2443 1422 2486 cap.
1454 2430 1580 2481 1163,
1610 2432 1657 2475 5.

139 2483 339 2527 Sensur-

737 2559 765 2587 =¹=
792 2530 1052 2603 Aornos.

195 2642 340 2684 Λοιπὸς
358 2643 708 2697 subintelligitur
727 2644 844 2699 apud
865 2642 1066 2686 Marcum
1095 2642 1264 2698 Evang.
1296 2656 1392 2698 cap.
1414 2656 1458 2685 x.
1490 2643 1562 2686 41.
1593 2645 1659 2686 καὶ

137 2702 361 2741 ἀκούσαντες
379 2703 409 2741 οἱ
428 2700 518 2741 δέκα
534 2701 713 2756 (λοι-ποί).
748 2700 900 2745 MICH.

537 2794 560 2817 *
581 2789 894 2840 AOTTPON,
926 2788 1248 2832 BALNEUM.

192 2862 243 2906 In
259 2865 430 2913 δημόσιον
451 2866 617 2920 passim
641 2865 813 2906 videtur
840 2867 1082 2908 subaudiri.
1140 2865 1242 2907 Vid.
1279 2865 1458 2908 Jacobs.
1479 2867 1534 2908 ad
1557 2866 1656 2908 Ma-

135 2922 305 2964 cedonii
330 2922 482 2977 Epigr.
507 2937 609 2964 XXX.
642 2922 841 2965 SCHAEF.

1216 2997 1255 3029 M
