1838 3164
217 109 276 156 32
537 119 873 163 'PLEONASMI
903 120 1429 166 SUBSTANTIVORUM.

220 241 251 263 “
278 238 446 298 loquar,
477 241 710 294 Serranus,
740 253 791 289 ut
825 260 913 289 uno
943 245 1069 290 verbo
1100 246 1363 304 complectar.
1422 244 1631 288 Formula
1659 249 1744 294 est,

222 303 253 323 “
286 311 391 352 qua,
409 304 460 342 ut
479 301 650 354 durius,
679 305 787 357 quid
820 305 1133 352 emolliebant;
1161 319 1242 347 nec
1268 305 1389 346 aliud
1408 306 1501 347 vult
1521 303 1744 351 Socrates,

218 361 253 404 ‘⁶‘
285 357 370 403 uisi
392 365 540 413 aperte
561 373 607 402 se
627 361 790 410 dicere,
823 363 934 403 nihil
962 364 1054 404 veri
1086 364 1141 404 ab
1175 363 1439 405 adversariis
1472 375 1567 403 esse
1601 361 1744 414 objec-

200 418 251 439 '“
282 419 393 474 tum.
453 415 704 471 Aliquoties
743 421 790 461 in
824 420 907 462 hac
941 420 1036 474 ipsa
1071 419 1290 475 Apologia
1330 421 1420 462 haec
1453 419 1645 461 formula
1673 431 1744 473 eo-

200 477 252 532 ·“
285 473 383 515 de'm
424 487 551 518 sensu
578 479 783 519 occurrit.
842 477 915 519 Sic
950 478 1133 530 loquens
1166 479 1221 522 de
1259 479 1431 533 poetis:
1464 480 1514 519 ὡς
1548 478 1638 518 ἐ’πος
1666 477 1743 531 γὰρ

219 534 251 554 “
284 533 413 583 εἰπεῖν,
445 534 577 582 ὀλίγον
607 537 732 575 αὐτῶν
755 535 924 576 ἅπαντες
944 537 975 576 οἳ
995 537 1181 590 παρόντες
1199 534 1242 578 ἂν
1262 538 1414 585 βέλτιον
1433 536 1565 584 ἔλεγον
1583 533 1674 590 περὶ
1693 533 1741 575 ὧν

220 589 252 640 ‘.‘
281 589 391 630 αὐτοὶ
418 590 716 635 ἐπεποιήκεσανε
746 598 796 634 ut
835 590 989 643 dicam,
1023 592 1137 649 quod
1162 606 1231 634 res
1258 599 1336 640 est,
1359 592 1462 649 fere
1483 603 1624 634 omnes
1636 603 1745 647 prcc-

219 651 251 670 “
282 652 419 688 sentes
437 647 605 698 melius,
632 662 758 706 quam
779 649 881 706 ipsi,
917 649 1190 706 loquerentur
1211 650 1264 692 de
1291 649 1367 699 iis,
1391 650 1444 693 de
1465 649 1620 707 quibus
1638 662 1743 707 poe-

218 708 248 728 “
279 710 400 747 mata
410 703 624 762 fecerunt.
682 706 837 760 Itaque
867 708 1125 760 loquutione
1157 707 1327 758 Graeca,
1359 708 1404 749 τὸ
1435 707 1646 764 παράδοξον
1667 707 1741 748 ad-

215 766 247 786 “
281 761 544 805 firmationis
577 765 813 806 emollitur.
875 764 950 807 Sic
983 766 1274 819 intelligenda
1303 764 1444 807 Hebr.
1476 767 1552 808 vii.
1592 764 1635 806 9.
1666 765 1741 817 ubi

217 825 249 845 “
282 824 505 874 praestaret
538 825 719 870 vertere,
750 828 799 864 ut
825 821 983 871 dicam,
1011 822 1126 879 quod
1156 822 1312 871 sentio,
1340 836 1475 876 quam
1495 828 1545 864 ut
1577 821 1643 864 ita
1671 820 1740 863 di-

217 883 249 902 “
282 890 387 920 cam.
449 877 569 920 Galli
590 880 791 921 similiter
811 881 990 922 dicunt:
1019 894 1133 937 pour
1149 879 1242 922 dire
1272 880 1311 923 le
1330 887 1448 929 mot,·
1479 893 1568 934 qua
1589 881 1743 934 loquu—

217 940 248 960 “
281 936 402 978 tione
423 939 620 986 utuntur,
660 939 699 979 si
731 939 837 992 quid
866 939 1075 980 audacius
1096 939 1259 981 dicunt.
1321 936 1448 986 Quod
1469 938 1618 979 multis
1639 938 1741 979 aliis

217 999 247 1018 “
282 992 479 1035 Platonis
500 995 606 1036 locis
622 998 847 1038 ostendere
866 997 995 1038 facile
1012 998 1231 1050 possem.’'
1291 995 1387 1038 Nos
1408 997 1499 1038 haec
1520 995 1740 1043 addimus,

214 1053 426 1105 quoniam
464 1052 559 1107 ipse
589 1066 677 1094 non
710 1054 832 1106 fecit,
862 1054 917 1096 ad
952 1055 1206 1096 firmandam
1244 1054 1340 1107 ejus
1380 1054 1737 1109 explicationem.

213 1105 265 1149 In
286 1110 423 1162 ejusd.
448 1109 578 1164 Apol.
611 1111 766 1153 initio:
799 1110 973 1154 πιθανῶς
1003 1112 1055 1166 (οἶ
1090 1113 1295 1167 κατήγοροι
1324 1113 1420 1168 μου)
1441 1112 1586 1160 ἔλεγον·
1618 1112 1741 1151 καίτοι
1790 1108 1796 1112 ’

213 1165 359 1212 ἀληθές
382 1185 444 1216 γε,
478 1170 526 1209 ὡς
546 1169 634 1209 ’έπος
657 1170 771 1210 εἰπεῖν
792 1169 892 1211 οὐδὲν
913 1170 1091 1226 εἳρήκασι.
1153 1168 1299 1211 Phaed.
1322 1170 1359 1225 ᾖ.
1380 1168 1454 1212 29.
1475 1170 1529 1211 de
1548 1168 1739 1211 conditis

213 1222 463 1279 AEgyptior.
497 1227 775 1281 corporibus:
808 1228 883 1269 ἔνια
904 1227 942 1269 δὲ
970 1230 1069 1282 μέρη
1091 1232 1159 1269 τοῦ
1190 1231 1383 1276 σώματος,
1415 1226 1480 1270 καῖ
1518 1226 1579 1267 ἐὰν
1613 1230 1738 1282 σαπῇ,

215 1284 313 1323 ὀστᾶ
333 1300 374 1323 τε
392 1283 456 1324 καὶ
477 1289 601 1339 νεῦρα,
633 1284 697 1325 καὶ
719 1285 772 1326 τοὶ
792 1290 950 1328 τοιαῦτα
970 1287 1121 1335 πάντα,
1153 1285 1271 1334 ὅμως,
1303 1288 1352 1327 ὡς
1377 1285 1467 1326 ’ἔπος
1487 1285 1616 1335 εἰπεῖν,
1638 1282 1740 1324 αἰθά-

214 1340 314 1382 vomi
349 1343 463 1383 ἐστιν.
522 1341 667 1384 Alcib.
698 1341 733 1385 Ι.
776 1344 860 1384 vol.
894 1358 934 1385 v.
967 1357 1011 1398 p.
1051 1342 1092 1384 8.
1156 1342 1360 1384 Socrates
1392 1356 1491 1384 cum
1510 1340 1739 1383 Alcibiade

215 1397 449 1451 disputans
471 1399 586 1442 hunc
621 1413 675 1442 ne
707 1401 913 1442 maximis
948 1401 1125 1454 quidem
1155 1401 1287 1442 rebus
1322 1401 1460 1454 gestis
1479 1403 1738 1441 contentum

212 1453 311 1496 fore
331 1456 453 1508 dicit,
485 1461 529 1498 et
549 1457 664 1499 inter
688 1459 778 1499 alia
812 1459 900 1500 Sic:
933 1462 1000 1500 οὐκ
1032 1456 1075 1499 ἂν
1098 1456 1147 1498 αὖ
1177 1458 1294 1498 δοκεῖς
1319 1475 1384 1506 μοι
1405 1455 1548 1497 ἐθέλειν
1572 1454 1655 1497 οὐδὲ
1677 1455 1739 1496 ἐπὶ

215 1515 362 1555 τούτοις
380 1515 504 1563 μόνοις
524 1515 609 1571 ζῇν,
631 1517 660 1556 εἰ
682 1516 742 1564 μὴ
764 1516 975 1564 ἐμπλήσεις
994 1520 1061 1557 τοῦ
1082 1520 1146 1556 σοῖι
1167 1516 1349 1564 ὀνόματος
1370 1514 1433 1554 καὶ
1454 1516 1524 1558 τῆς
1543 1515 1610 1556 cris
1631 1511 1741 1554 δυνά-

213 1587 318 1618 μεως
342 1573 513 1621 πάντας,
544 1575 593 1614 ὥς
613 1575 643 1614 ἐ.
663 1575 715 1621 {q
746 1572 978 1629 ἀνθρώπους.
1041 1572 1240 1628 SympOS.
1277 1586 1322 1627 p.
1350 1571 1445 1613 179.
1467 1571 1649 1624 fingitur
1668 1583 1740 1613 ex·

214 1629 378 1670 ercitus
399 1630 504 1671 solis
533 1635 741 1673 constans
768 1631 962 1672 honestis
985 1634 1161 1686 ἐρασταῖς
1191 1634 1237 1671 et
1262 1629 1465 1671 παιδικοῖς.
1526 1627 1639 1670 Tum
1661 1628 1738 1669 ad-

214 1685 363 1728 ditur:
394 1689 614 1741 μαχόμενοι
648 1690 686 1737 ‘y’
724 1686 767 1729 ἂν
800 1691 832 1729 οἱ
862 1693 1018 1731 τοιοῦτοι
1050 1690 1139 1737 μετ’
1160 1688 1345 1731 ἀλλήλων
1375 1693 1495 1743 νικῷεν
1530 1685 1588 1739 ἂν,
1618 1687 1738 1734 ὀλίγοι

214 1742 335 1794 ὄντες,
357 1747 416 1786 ’ὡς
445 1747 477 1787 ἐ.
500 1748 529 1787 ἐ.
552 1748 708 1790 πάντας
742 1744 975 1802 ἀνθρώπους.
1038 1745 1106 1787 De
1141 1747 1227 1800 leg.
1263 1743 1320 1787 ΙῙ.
1353 1746 1438 1787 vol.
1462 1745 1557 1787 viii.
1579 1757 1624 1798 p.
1661 1742 1732 1785 92.

213 1803 361 1844 πάντες
379 1805 487 1850 μέντ’
509 1802 567 1856 ἂν,
598 1806 647 1845 ὡς
679 1805 710 1844 ἐ.
739 1806 789 1853 ἐ.,
810 1803 838 1845 ὦ
859 1803 950 1854 ξένε,
980 1804 1031 1846 τοὶ
1061 1804 1169 1845 καλοὶ
1199 1807 1272 1845 τῶν
1309 1804 1413 1860 ζώων
1447 1803 1734 1851 ἐγιγνώσκομεν.

214 1859 363 1905 Quam
395 1861 641 1903 laborarint
674 1863 780 1903 olim
800 1863 845 1904 in
867 1863 946 1904 hac
972 1863 1178 1911 formula,
1215 1861 1435 1914 intelligas
1468 1873 1493 1901 e
1534 1860 1733 1901 dissensu

212 1917 507 1973 interpretum
528 1920 574 1960 in
595 1918 820 1962 Demosth.
857 1921 910 1961 de
933 1919 1034 1962 Cor.
1071 1935 1109 1962 c.
1133 1919 1173 1962 2.
1207 1919 1283 1961 ubi
1315 1919 1405 1960 vid.
1435 1916 1562 1960 Hier.
1594 1914 1734 1958 Wolf.

197 1973 419 2019 —Occurrit
458 1978 611 2019 eadem
649 1992 714 2019 or.
754 1979 801 2019 in
837 1976 1013 2032 Leptin.
1065 1977 1110 2035 ξ.
1147 1977 1241 2019 118.
1273 1977 1342 2018 ed.
1383 1974 1432 2018 F.
1464 1974 1519 2017 A.
1551 1973 1732 2017 Wolfii:

199 2030 325 2074 ”Εστι
345 2033 383 2075 δὲ
403 2036 644 2084 πάνταμὲν,
679 2038 728 2077 ὡς
754 2038 786 2077 ἐ.
821 2038 851 2077 ἐ.
875 2036 942 2077 ὅσα
976 2035 1072 2085 ἐστὶ,
1104 2035 1157 2077 τοὶ
1189 2034 1306 2079 ὀνείδη
1342 2036 1520 2088 φευκτέον
1550 2037 1665 2074 τοῦτο
1696 2031 1737 2073 δὲ

210 2088 464 2148 (invidiam)
503 2094 658 2135 πάντων
690 2095 880 2142 μάλιστα.
941 2092 1066 2135 Adde
1096 2092 1286 2147 AEschyl.
1323 2091 1441 2134 Pers.
1464 2088 1561 2133 716.
1585 2088 1733 2144 Polyb.

211 2148 245 2189 i.
274 2148 312 2190 1.
352 2155 396 2192 et
420 2149 644 2193 Plutarch.
675 2151 763 2207 περὶ
804 2151 998 2200 δεισιδαιμ.
1035 2153 1123 2193 vol.
1156 2152 1214 2192 vi.
1249 2165 1292 2206 p.
1330 2148 1428 2192 630.
1463 2149 1532 2190 ed.
1550 2146 1729 2189 Reiske.

211 2203 351 2249 Recte
370 2213 518 2251 autem
539 2210 680 2250 locum
716 2210 755 2250 ei
779 2209 950 2251 dedisse
981 2210 1131 2251 videor
1162 2210 1208 2250 in
1238 2208 1524 2264 pleonasmi8‚
1556 2207 1664 2258 quia
1684 2206 1736 2247 ὣς

212 2265 327 2305 εἰπεῖν
347 2264 463 2319 (sine
482 2267 588 2323 ἔπος)
617 2268 768 2309 eodem
786 2267 880 2308 fere
900 2280 1029 2308 sensu
1063 2268 1242 2315 dicitur,
1274 2269 1319 2307 et
1336 2266 1442 2318 quia
1461 2265 1595 2305 etiam
1615 2275 1734 2306 nunc

211 2326 333 2371 sunt,
354 2325 430 2376 qui
453 2329 654 2367 vertant:
686 2331 736 2366 ut
766 2324 1008 2367 summatim
1042 2323 1199 2372 dicam,
1231 2329 1321 2373 aut,
1340 2327 1391 2364 ut
1413 2321 1506 2364 Cel.
1531 2319 1658 2362 Wolf
1685 2320 1733 2361 in

211 2377 388 2434 Leptin.
408 2388 457 2423 ut
474 2395 562 2424 uno
578 2382 701 2425 verbo
721 2382 879 2431 dicam,
899 2386 978 2424 aut
996 2388 1046 2424 ut
1065 2382 1132 2424 ita
1148 2381 1302 2423 dicam.
1320 2380 1596 2422 Postremum
1617 2381 1735 2420 certe

209 2438 466 2491 ambiguum
482 2444 565 2489 est,
589 2443 695 2494 quia
711 2454 798 2482 non
825 2442 1004 2483 verbum
1025 2440 1220 2494 aliquod,
1243 2444 1473 2492 tamquam
1494 2438 1542 2479 in
1562 2437 1736 2478 duriore

210 2498 356 2559 tropo,
376 2497 451 2538 sed
481 2498 570 2539 ἐ’πος
600 2511 667 2540 res
699 2498 758 2553 (v.
796 2497 973 2541 Brunck
1006 2500 1062 2541 ad
1097 2498 1233 2553 Soph.
1257 2496 1326 2550 Aj.
1355 2494 1499 2548 1268.)
1527 2495 1620 2537 sive
1638 2506 1732 2537 sen-

211 2558 349 2595 tentza
369 2559 460 2597 tota
480 2557 727 2610 mitigatur.

840 2646 1080 2690 ΘΥΜΟΣ.

272 2719 323 2762 1.-
340 2719 498 2763 Multis
527 2723 634 2765 locis
672 2724 768 2775 hoc,
802 2728 853 2764 ut
889 2728 933 2764 et
954 2721 1049 2779 φρὴν
1070 2725 1115 2763 et
1135 2721 1315 2769 similia,
1335 2731 1415 2775 per
1434 2719 1733 2774 pleonasmum

210 2780 389 2834 ponitur
410 2793 466 2821 ex
483 2782 668 2834 antiqua
698 2782 993 2836 simplicitate,
1023 2793 1165 2834 neque
1186 2779 1304 2820 aliud
1336 2777 1479 2826 affert,
1507 2786 1642 2829 quam
1664 2774 1731 2815 ni-

210 2838 348 2879 miam
378 2840 756 2892 perspicuitatem,
785 2842 835 2880 ut
870 2837 1021 2891 Odyss.
1051 2838 1113 2879 Δ.
1138 2836 1234 2879 730.
1267 2836 1515 2883 ἐπιστάμεναι
1537 2833 1642 2886 σάφα
1660 2828 1733 2872 Sv-

209 2900 301 2951 μῷε
332 2899 376 2938 et
395 2894 495 2937 739.
539 2896 587 2937 ἐνὶ
616 2898 720 2952 φρεσὶ
753 2901 872 2952 μῇτιν
893 2896 1051 2949 ὑφήνας.
1113 2894 1200 2936 Sed
1221 2895 1267 2935 in
1289 2893 1404 2949 θυμῷ
1438 2889 1574 2940 «γηθεῖν
1607 2895 1652 2932 et
1681 2887 1727 2931 5.

208 2954 356 3009 χαίρειν
376 2957 423 2997 et
440 2956 553 3010 φρένα
573 2955 682 2998 item
710 2952 916 3005 «γεγηθέναι
949 2937 1003 2996 ll.
1028 2951 1090 2999 H.
1125 2950 1221 2996 189.
1252 2955 1297 2995 et
1332 2949 1426 2995 191.
1460 2953 1506 2994 et
1535 2946 1599 2993 Θ.
1628 2946 1729 2991 555.
