1838 3164
550 140 840 186 PRAEFA'I'IO
859 139 1294 186 SOHOE'I'I'GENII.
1657 147 1698 188 xi

183 266 451 323 expendant,
485 278 625 320 neque
658 267 851 309 inventis
891 267 1095 322 frugibus
1126 265 1308 320 glandes
1337 264 1386 308 in
1415 265 1583 310 deliciis
1617 267 1693 311 ha-

182 325 333 368 beant.

242 381 295 426 In
314 382 483 427 Scholia
503 395 608 436 sane
627 383 876 425 merebatur
897 382 969 425 hic
988 381 1161 424 libellus
1174 383 1396 437 juventuti
1416 383 1629 436 maj0rem
1650 385 1697 426 in

183 441 362 484 modum
380 441 693 492 commendari,
721 440 852 494 longe
886 451 991 482 sane
1021 440 1195 489 melius,
1225 453 1359 494 quam
1379 439 1585 494 Syntaxis
1618 441 1698 482 illa

135 530 145 535 ἢ
183 497 454 547 Posseliana,
484 511 582 553 quae
616 498 703 540 huc
731 511 869 552 usque
900 501 1132 552 tantopere
1164 498 1386 541 celebrata
1420 498 1522 539 fuit.
1580 496 1699 540 Nam

182 556 276 600 haec
307 559 481 611 regulas
513 556 682 612 profert
709 556 805 597 sine
839 556 1027 603 ratione,
1062 559 1108 597 et
1140 560 1296 599 contra
1327 569 1501 598 onmem
1534 556 1697 609 linguae

182 612 347 658 Graeeae
367 615 576 662 indolem,
597 625 685 667 quo
702 613 766 663 fit,
788 617 838 655 ut
857 615 1010 668 lingua
1029 613 1116 655 ista
1142 614 1370 668 ¹iuventuti
1387 615 1447 655 sit
1463 614 1593 667 longe
1614 614 1699 657 dif-

182 671 354 714 ficilior.
413 670 578 714 Auctor
596 684 701 713 vero
720 675 870 714 noster
889 671 1041 713 omnia
1058 671 1273 714 facillima
1293 671 1495 714 methodo
1509 684 1610 713 cum
1630 684 1699 713 ra-

182 730 380 772 tionibus
408 731 593 784 profert,
624 741 738 785 quas
773 729 987 785 exemplis
1020 730 1289 784 optimorum
1322 729 1562 772 Auctorum
1601 741 1700 770 con-

182 786 343 831 firmat.
398 785 605 835 Proinde,
631 800 768 841 quum
804 787 875 829 hic
913 787 1061 829 omnia
1095 788 1252 829 melius
1289 787 1446 835 fluant,
1472 787 1698 840 juventuti

182 844 455 888 scholasticae
484 845 641 887 merito
672 845 860 887 eundem
894 845 1171 888 commendat
1191 845 1516 888 Celeberrimus
1549 843 1700 886 Helm-

182 903 469 947 stadiensium
483 902 734 956 Theologus
750 902 823 945 Jo.
842 901 1071 945 Fabricius
1083 901 1116 944 ⁶.

241 958 466 1016 Superest,
495 965 547 1003 ut
564 960 718 1015 paucis
734 961 992 1008 indicemus,
1022 961 1130 1015 quid
1157 961 1204 1001 in
1225 960 1307 1002 hac
1327 972 1443 1002 nova
1460 959 1653 1002 editione
1668 973 1698 1002 a

182 1018 313 1061 nobis
334 1019 583 1073 praestitum
612 1019 685 1060 sit.
745 1017 796 1059 In
827 1020 924 1074 ipso
949 1021 1074 1060 textu
1096 1018 1301 1059 Auctoris
1329 1031 1470 1073 pauca
1498 1018 1701 1072 quaedam

185 1076 420 1118 immutata
439 1080 558 1118 sunt.
619 1074 767 1123 Quum
786 1077 904 1118 enim
924 1089 1006 1118 nos
1026 1077 1072 1118 in
1091 1076 1285 1118 editione
1311 1076 1447 1118 tertia
1465 1077 1701 1118 secundam

183 1133 242 1175 ad
259 1133 441 1175 verbum
461 1133 821 1188 exprimeremuS,
836 1146 924 1175 non
937 1134 1218 1175 observatum
1241 1147 1268 1174 a
1287 1134 1416 1175 nobis
1432 1134 1537 1182 fuit,
1555 1135 1701 1189 ipsum

187 1191 387 1246 quaedam
402 1191 616 1239 omisisse,
635 1204 733 1244 quae
751 1192 797 1232 in
818 1193 960 1246 prima
974 1195 1195 1246 posuerat.
1225 1190 1377 1234 Potuit
1397 1192 1511 1240 fieri,
1531 1196 1584 1233 ut
1604 1194 1700 1248 ipse

186 1251 382 1293 nentem
413 1249 675 1295 mutaverit,
709 1249 907 1302 adeoque
938 1249 1182 1291 omittenda
1220 1249 1298 1290 illa
1334 1249 1523 1291 duxerit,
1582 1246 1702 1297 Quia

146 1330 150 1333 ·
186 1309 342 1351 nmen·
354 1304 562 1354 vidimus,
593 1304 773 1348 Summe
791 1304 1094 1348 Reverendum
1110 1305 1534 1348 Wolfiumin·Cu1-is
1552 1305 1703 1348 Phiio-

180 1375 182 1377 ’
266 1363 279 1373 “
310 1364 320 1372 ”
365 1361 424 1406 Ν.
443 1360 495 1403 Τ.
514 1363 647 1404 semel
669 1367 804 1417 atque
823 1365 992 1406 iterum·
1005 1364 1059 1405 ad
1082 1363 1160 1404 illa
1180 1377 1458 1419 provocasse,
1478 1363 1703 1417 dig-nuilla

192 1421 219 1468 ‘.
269 1421 280 1431 ‘
335 1421 493 1469 vimus,
521 1433 620 1474 quae
637 1421 683 1462 in
717 1424 887 1463 texmm
915 1425 1242 1464 revocarentur.
1302 1420 1487 1464 Factum
1507 1426 1577 1463 est
1594 1422 1705 1463 illud

185 1491 217 1524 a
261 1479 406 1527 nobis,
446 1479 523 1520 sed
558 1479 643 1527 ita,
671 1481 724 1520 ut
753 1480 841 1522 iuae
880 1479 1209 1522 observationes
1251 1481 1390 1522 uncis-
1426 1479 1703 1522 includeren-

186 1539 285 1587 ἴω,
305 1540 351 1580 et
383 1537 431 1579 in
460 1537 829 1583 annotationibus,
842 1538 1005 1580 nostris
1029 1537 1189 1580 Lector
1223 1537 1277 1579 de
1313 1538 1397 1580 hac
1425 1550 1482 1578 re⁴
1503 1549 1704 1579 monere·

187 1597 276 1639 hw-
337 1593 546 1637 Ceterum
563 1597 876 1638 annotationes
895 1602 1065 1638 nostras
1084 1596 1306 1644 auximuS‚
1336 1599 1385 1637 et
1416 1607 1552 1637 novas
1571 1607 1696 1648 quas·

190 1652 315 1701 daem,
338 1652 558 1707 praecipue
591 1653 648 1695 ad
681 1652 739 1695 N.
770 1653 823 1696 T.
856 1654 1165 1696 illustrandum
1196 1654 1412 1696 facientes
1434 1653 1701 1695 addidimus.

189 1707 289 1753 Hoc
305 1711 601 1766 qualicunque
620 1711 770 1753 labore
789 1716 954 1761 nostro,
985 1710 1159 1760 Lector,
1187 1712 1354 1760 fruere,
1373 1714 1418 1753 et
1435 1711 1565 1754 nobis
1584 1711 1703 1754 fave,

189 1765 311 1814 Dab.
330 1767 512 1811 Dresdae
529 1769 574 1810 dv.
587 1767 631 1811 4.
653 1767 843 1823 Augusti
866 1783 1224 1812 cromccxxvnr.

180 1897 312 1983 11ss
314 1901 424 1977 &332
435 1900 713 1976 vgohlgemeinten
730 1901 986 1942 Anmerkungen
1001 1910 1068 1934 von
1094 1899 1348 1943 verbensemng
1369 1901 1427 1935 des
1458 1899 1702 1936 Sc‘iiulweaens,

1364 3051 1450 3093 b2
