1838 3164
269 92 352 136 208
640 94 965 141 EPIMETRON'
992 98 1066 140 DE
1095 95 1431 141 RARIORIBUS

173 212 258 257 237
269 210 609 265 vituperavimus
630 211 676 253 in
698 210 893 255 Gramm.
912 226 956 268 p.
975 211 1075 254 252.
1099 215 1297 269 quamvis
1333 215 1415 256 hoc
1435 214 1493 256 sit
1513 227 1537 256 0
1565 216 1771 270 conjuga-

266 268 386 309 tione
406 269 451 310 in
471 287 529 318 μι.
590 269 811 313 Nimirum
835 271 1000 312 Aoristi
1025 272 1088 312 illi
1123 272 1248 324 ἐ’γνων,
1281 274 1390 318 ἐβίων
1418 285 1519 314 011111
1549 274 1647 315 aliis
1678 275 1771 329 qui-

265 324 448 367 busdam
468 328 692 383 propriam
712 329 797 370 sibi
817 328 1040 370 vindicant
1071 330 1264 371 litteram
1284 347 1330 378 ω,
1359 330 1476 371 unde
1496 333 1562 371 est
1589 331 1769 380 ἔγνωμεν,

264 382 415 434 ἔγνωτε,
430 390 577 432 γνῶναι,
597 399 697 427 cum
715 387 770 428 ab
789 387 877 427 ’έδων
906 385 1040 441 (quod
1069 386 1213 441 ipsum
1243 388 1423 442 ponitur
1460 391 1651 436 tantum,
1682 383 1771 430 non

262 440 504 493 invenitur)
535 444 610 484 fiat
628 443 773 492 ἐ’δομεν,
808 443 924 495 ἔδοτε,
955 443 1089 485 δοῦναι.
1150 443 1269 486 Η1110
1294 449 1496 499 apparet,
1527 446 1771 500 optativum

263 495 376 550 δοίην,
397 503 446 540 ut
466 504 510 542 et
530 501 813 556 participium
836 499 933 549 δοὺς,
956 499 1094 549 δόντος,
1126 515 1213 543 11011
1243 515 1324 543 usu
1355 503 1497 544 solum
1518 503 1592 544 sed
1622 504 1771 545 analo-

261 556 336 607 gia
355 557 492 599 tribui
522 559 654 600 verbo
682 558 815 610 δοῦναι,
845 563 997 600 contra
1025 560 1164 608 γνοίην,
1194 558 1302 608 γνοὺς
1331 559 1463 601 verbo
1495 565 1627 608 γνῶναι
1658 573 1764 602 11011-

261 613 346 653 nisi
387 627 482 656 usu.
563 614 774 663 Quocirca
805 616 915 657 nihil
947 617 1106 658 mirum
1136 618 1172 658 si
1213 617 1355 671 magis
1394 630 1632 671 congruum
1663 619 1770 661 illud

260 670 379 726 Ὑνῴην
411 673 528 727 apud
555 675 713 728 probos
743 674 877 715 etiam
916 675 1150 728 scriptores
1181 676 1385 723 occurrit,
1418 672 1454 717 si
1488 675 1604 731 βιῴην
1637 674 1771 729 (quod

258 739 491 783 perperam
529 733 655 784 quasi
686 731 828 773 rarius
866 744 920 773 ex
959 730 1251 786 Aristophane
1281 732 1461 786 affertur
1498 733 1554 774 ab
1594 731 1768 787 Etymo-

258 785 378 842 logo)
397 789 524 830 unice
544 792 761 831 retentum
781 793 863 837 est,
895 789 1081 845 denique
1100 791 1135 830 si
1156 790 1380 844 participii
1401 790 1551 838 etiam,
1570 793 1771 846 quamvis

259 844 453 894 unicum,
485 859 563 900 per
582 864 611 886 ω
631 848 877 902 exemplum
914 846 1118 902 καταβρὼς
1145 848 1202 888 ab
1231 848 1346 902 ἕβρων
1382 848 1498 902 apud
1528 846 1771 889 Homerum

259 901 498 943 invenitur.
571 902 730 946 Forma
761 909 909 946 autem
947 903 1203 959 Imperativi
1237 906 1382 953 βιώτω,
1414 917 1546 961 quam
1579 905 1774 946 doricam

258 962 385 1000 vocat
405 958 680 1010 Eustathius,
714 975 802 1003 non
835 963 978 1015 magis
1009 967 1075 1004 est
1109 963 1258 1004 dorica
1290 975 1424 1016 quam
1461 966 1616 1004 ceterae
1644 964 1768 1004 verbi

259 1014 390 1069 hujus
410 1018 598 1060 usitatae.
660 1018 835 1074 Quippe
855 1021 1054 1073 legitima
1076 1020 1153 1061 illa
1173 1023 1240 1062 est
1260 1020 1403 1061 forma
1434 1020 1683 1074 imperativi
1713 1021 1769 1061 ab

256 1072 435 1116 AoriSto
467 1078 590 1124 ἐβίων,
621 1081 671 1118 ul:
700 1076 832 1129 γνῶθι,
863 1079 995 1126 γνώτω
1026 1078 1081 1118 ab
1112 1078 1253 1126 ἔγνων;
1288 1080 1447 1119 'contra
1485 1080 1624 1125 βιούτω
1655 1082 1768 1120 esset

257 1128 546 1184 Imperativus
569 1134 801 1177 Praesentis
823 1147 850 1176 a
870 1137 976 1184 βιόω,
997 1138 1047 1176 ut
1067 1134 1239 1177 δηλούτω
1270 1148 1297 1175 a
1316 1134 1457 1178 δηλόω,

315 1187 534 1247 Quicquid
565 1193 703 1245 igitur
722 1193 777 1234 de
793 1193 1013 1234 communi
1052 1195 1249 1234 omnium
1280 1193 1437 1234 harum
1457 1206 1535 1248 per
1553 1210 1583 1233 ω
1605 1193 1767 1234 forma-

256 1258 352 1287 rum
384 1250 553 1302 origine
583 1254 750 1292 statuas
770 1250 886 1305 (quae
918 1251 1134 1292 neminem
1173 1251 1290 1304 fugit
1330 1263 1462 1306 quam
1503 1251 1561 1293 sit
1599 1251 1768 1292 lubrica

256 1307 479 1362 quaestio),
502 1307 610 1349 illud
631 1312 745 1350 certe
774 1309 943 1362 liquido
974 1308 1251 1361 intelligitur,
1282 1321 1362 1362 per
1389 1322 1517 1349 usum
1548 1310 1593 1349 et
1622 1309 1770 1349 analo-

255 1363 375 1414 giam
395 1366 538 1418 ipsam
556 1366 800 1419 disjunctos
820 1379 914 1407 esse
933 1367 1152 1419 optativos
1170 1366 1275 1406 istos
1294 1367 1349 1406 ab
1379 1366 1466 1406 illis
1487 1368 1612 1420 ῥιγῶν,
1633 1365 1766 1420 ῥιγῴη,

254 1424 370 1461 recte
409 1423 545 1474 igitur
575 1422 655 1476 p‘ro
696 1436 801 1463 meae
830 1423 1007 1476 quidem
1033 1423 1327 1474 grammaticae
1357 1422 1540 1463 consilio
1578 1434 1648 1463 me
1678 1422 1770 1463 haec

257 1481 573 1531 segregavisse.
649 1478 801 1531 Neque
840 1480 921 1520 hoc
949 1479 1106 1533 opinor
1135 1480 1245 1520 vitio
1285 1480 1393 1520 mihi
1433 1480 1546 1520 verti
1586 1479 1768 1533 poterit,

161 1538 245 1582 238
257 1535 374 1586 quod
404 1535 631 1577 Atticistas
664 1540 837 1578 secutus
877 1537 1067 1577 formam
1109 1536 1202 1592 δῴην
1234 1537 1471 1577 serioribus
1508 1540 1769 1589 usurpatam

256 1591 476 1634 damnavi.
536 1593 729 1634 Primum
755 1595 888 1641 enim,
919 1598 969 1634 ut
998 1594 1125 1634 modo
1154 1594 1298 1641 docui,
1330 1593 1419 1634 alia
1449 1595 1515 1634 est
1545 1594 1657 1635 ratio
1688 1594 1768 1635 hu-

252 1649 327 1702 jus
350 1649 444 1706 δῴην
465 1664 492 1692 a
513 1650 649 1699 δοῦναι,
680 1651 768 1691 alia
789 1651 907 1692 illius
927 1650 1047 1706 ‘yvqbnv
1066 1663 1093 1691 a
1115 1655 1249 1698 γνῶναι
1268 1664 1278 1697 ;
1311 1654 1355 1691 et
1381 1651 1417 1692 si
1437 1651 1625 1691 formam
1645 1653 1766 1699 γνώην

256 1707 302 1748 in
322 1709 464 1750 indice
486 1709 788 1750 anomalorum
807 1709 863 1749 ad
883 1709 1060 1750 verbum
1091 1709 1285 1757 γιγνώσκω
1306 1720 1393 1749 11011
1412 1708 1637 1755 adnotavi,
1671 1709 1768 1761 eJus

255 1766 320 1806 rei
352 1766 441 1808 haec
471 1770 538 1807 est
568 1779 713 1812 causa,
745 1767 862 1819 quod
892 1767 1120 1807 innumera
1151 1766 1280 1819 hujus
1311 1766 1483 1818 generis
1513 1765 1699 1814 rariora,
1721 1767 1768 1807 in

255 1823 344 1864 illis
365 1828 540 1865 tantum
561 1824 736 1878 scriptis
758 1837 854 1877 quae
875 1824 1094 1865 tironibus
1129 1836 1215 1864 non
1247 1824 1482 1864 traduntur
1501 1823 1644 1874 obvia,
1665 1835 1765 1865 con-

254 1881 370 1922 sulto
390 1882 601 1936 praeterii,
632 1882 919 1922 fundamenta
939 1882 1099 1935 quibus
1119 1881 1227 1922 talia
1253 1882 1454 1923 nituntur
1473 1880 1644 1922 tradere
1664 1890 1764 1922 con-

253 1941 417 1980 tentus.
479 1938 665 1987 Deinde,
686 1952 936 1992 quanquam
958 1939 1047 1979 illis
1078 1939 1153 1991 qui
1188 1939 1269 1980 hoc
1289 1940 1421 1980 etiam
1444 1937 1538 1993 δῴην
1566 1951 1644 1992 pro
1667 1937 1764 1982 δοίην

253 2008 281 2035 a
301 1995 490 2038 Doribus
511 2001 729 2039 arcesserit
756 1998 937 2038 minime
968 1996 1240 2048 refragabor,
1272 1996 1362 2038 haec
1396 2001 1544 2037 tamen
1565 1996 1717 2049 opinio
1737 2008 1765 2037 a

253 2052 503 2095 damnanda
542 2055 622 2095 hac
651 2054 792 2095 forma
822 2055 1009 2095 retinere
1040 2067 1108 2094 me
1147 2067 1234 2094 non
1273 2054 1439 2095 debuit.
1515 2050 1616 2094 Non
1646 2054 1765 2095 enim

255 2110 350 2163 hoc,
389 2117 514 2165 puto,
555 2113 759 2165 cuiquam
798 2112 948 2154 formae
989 2111 1305 2165 patrocinatur,
1344 2111 1459 2164 quod
1494 2123 1549 2152 ex
1586 2110 1765 2152 dialecti

253 2168 439 2223 alicujus
489 2171 694 2223 analogia
732 2170 873 2211 fluxit.
948 2168 1139 2210 Atticam
1179 2168 1412 2211 dialectum
1451 2172 1763 2223 repraesentare

253 2226 457 2268 volebant
489 2228 747 2282 posterioris
767 2229 847 2270 aevi
876 2226 1046 2269 Graeci:
1079 2227 1423 2280 reprehendendi
1454 2227 1591 2279 igitur
1620 2229 1763 2273 erant,

254 2285 423 2335 quoties
452 2285 607 2326 formis
631 2286 778 2327 atticis
798 2286 966 2327 alienas
996 2285 1308 2332 immiscerent,
1337 2287 1494 2339 praeter
1526 2283 1626 2323 illas
1655 2295 1762 2336 quas

255 2341 350 2394 ipse
370 2343 671 2395 antiquiorum
690 2343 936 2384 Atticorum
965 2343 1207 2383 adsciverat
1226 2354 1359 2388 usus;
1391 2340 1665 2394 deteriorque
1698 2343 1765 2381 est

255 2398 398 2440 forma
417 2399 527 2455 δῲην,
558 2402 694 2442 (101100
727 2404 876 2442 contra
909 2399 1140 2441 Atticistas
1171 2399 1269 2439 illos
1300 2411 1355 2439 ex
1388 2396 1588 2450 AEschylo
1609 2397 1764 2439 aliisve

254 2457 524 2508 probaveris,
558 2458 671 2500 hunc
702 2471 875 2511 quoque
905 2457 1158 2499 Dorismum
1178 2455 1339 2498 Atticis
1360 2456 1551 2508 antiquis
1573 2456 1762 2496 alienum

256 2524 343 2554 non
360 2515 525 2563 fuisse;
555 2517 673 2569 quod
707 2517 782 2556 illo
819 2515 938 2571 γνῴην
974 2529 1062 2556 11011
1089 2515 1195 2556 effici
1218 2527 1349 2568 supra
1368 2512 1566 2555 vidimus.
1628 2511 1762 2560 Quid,

256 2571 374 2622 quod
395 2585 446 2613 ne
469 2571 661 2615 Doribus
681 2574 857 2626 quidem
878 2574 958 2615 hoc
989 2572 1084 2629 δῴην
1116 2573 1330 2613 usitatum
1350 2571 1487 2612 fuisse
1508 2572 1601 2612 sine
1620 2582 1764 2612 exem-

255 2628 342 2680 plis
363 2630 429 2670 vel
450 2631 716 2672 testimoniis
752 2631 853 2685 poni
890 2633 1046 2685 potest,
1071 2643 1255 2683 quorum
1287 2631 1380 2670 loco
1413 2629 1626 2669 seriorum
1644 2627 1764 2669 Grae-

256 2697 405 2727 corum
438 2699 579 2737 usum,
609 2690 851 2744 praesertim
878 2689 1217 2730 reclamantibus
1248 2685 1575 2738 Grammaticis,
1604 2685 1765 2726 habere

256 2753 344 2784 non
364 2744 481 2786 licet.
1770 2770 1773 2771 ν

315 2799 366 2843 111
387 2815 437 2843 00
456 2806 604 2844 autem
623 2804 763 2858 magis
785 2804 917 2846 etiam
949 2816 976 2844 a
1009 2805 1105 2846 viro
1141 2803 1267 2845 docto
1302 2801 1493 2849 discedo,
1524 2799 1638 2854 quod
1668 2798 1765 2840 ubi-

162 2862 244 2908 239
256 2871 428 2913 cunque
449 2877 477 2916 ῳ
498 2873 575 2916 pro
596 2879 624 2901 οι
648 2864 691 2902 in
722 2862 867 2903 verbis
900 2865 1137 2917 comparet,
1169 2874 1222 2903 ex
1251 2861 1402 2903 eadem
1427 2859 1537 2901 illud
1558 2857 1764 2910 analogia.

257 2918 433 2973 repetit,
468 2931 606 2972 eoque
639 2917 1005 2976 Xenophonteum
1039 2920 1146 2964 illud
1184 2925 1378 2977 μεμνῷτο,
1421 2930 1501 2974 pro
1529 2929 1616 2972 quo
1645 2913 1763 2971 apud
