1838 3164
619 159 684 200 IN
710 157 912 200 GRAEGA
938 157 1162 200 LINGUA.
1560 153 1641 199 185

143 268 235 312 haec
253 269 428 327 quidem
449 271 616 327 ellipsis
636 275 718 314 est.
773 270 889 314 Nam
909 271 939 312 εἰ
959 283 1046 312 non
1064 274 1210 326 potest
1229 270 1359 312 aliter
1376 282 1458 325 pro
1473 269 1641 313 etiamsi

142 326 246 376 dici,
267 342 398 384 quam
419 343 554 386 quum
572 343 641 372 res
661 330 736 370 vix
766 329 985 370 credibilis
1009 333 1386 376 commemoratur,
1420 330 1495 370 ubi
1517 342 1640 384 aper-

142 387 237 426 tum
256 390 337 438 est,
365 389 396 428 εἱ
424 388 648 442 propriam
670 400 794 428 suam
815 388 903 428 vim
924 386 1124 434 retinere,
1161 387 1280 441 quia,
1303 399 1443 441 quum
1465 400 1534 427 res
1555 387 1641 428 ista
1653 385 1733 429 184

143 453 382 499 numquam
402 445 553 487 futura
574 446 648 493 sit,
678 447 794 485 recte
819 447 964 499 potest
997 457 1075 498 per
1105 444 1350 495 simplicem
1379 444 1641 486 conditionis

142 499 506 552 significationem
525 502 718 544 indicari.
778 500 1093 555 Aristophanes
1113 501 1159 541 in
1179 499 1337 555 Vespis
1355 513 1397 541 v.
1418 498 1518 542 298.
1549 499 1642 542 Οὐκ

142 553 202 605 ἂν,
231 558 291 604 μοὶ
326 559 389 600 τὸν
422 559 510 609 Δί’,
541 561 570 599 εἰ
604 556 801 614 κρέμοισὲέ
833 561 869 608 ιγ’
906 561 1026 606 ὑμεῖς.
1085 556 1230 606 Quare
1259 559 1450 610 graviter
1477 559 1644 600 erravit

141 611 386 658 Brunckius
408 618 438 657 εἰ
460 614 623 658 tametsi
644 614 936 670 interpretans
954 616 1070 670 apud
1086 614 1343 670 Sophoclem
1362 617 1407 656 in
1427 614 1579 669 Ajace‚
1599 628 1643 656 v.

141 669 241 713 562.
271 670 381 714 Τοῖόν
410 673 580 728 πυλωρὸν
614 677 771 726 φύλακα
795 672 957 728 Τεῦκρον
977 674 1080 726 ἀμφί
1098 690 1151 713 σοι
1170 671 1329 720 Λείψω,
1361 676 1500 727 τροφῆς
1519 670 1644 713 ἄοκνον

139 727 301 777 ἐ’μπαιί,
323 732 354 770 εἰ
374 736 485 773 τανῦν
504 729 699 773 Τηλωπὸς
717 732 852 783 οἰχνεῖ,
884 730 1068 778 δυσμενῶν
1089 729 1209 785 θήραν
1228 730 1346 782 ἔχων.
1405 729 1551 770 Suidae
1573 730 1642 770 ed.

142 782 322 828 Mediol.
348 788 391 828 in
413 801 454 828 v.
479 787 657 830 τηλωπός
674 802 683 828 :
704 785 754 827 κᾶ
774 793 832 829 νῦν
853 788 1032 830 τηλωπὸς
1050 789 1182 840 οἶχνεῖ.
1222 786 1399 827 Scholia
1416 784 1642 827 Romana:

140 843 174 882 κ’
195 844 340 886 εἱτανῦν
359 844 423 885 καὶ
443 847 472 885 εὶ
492 845 654 893 ’ἔκδημος
673 850 730 887 νῦν
751 846 842 884 ἐστι.
900 844 1203 886 Liberabimus
1223 857 1326 896 ergo
1347 842 1547 885 Graecam
1564 844 1645 884 lin-

137 912 268 952 guam
290 901 490 944 inaudito
510 903 722 945 vocabulo
736 900 883 952 ἐ’μπαξ,
904 907 948 944 et
968 903 1229 944 scribemus:
1251 899 1362 941 Τοῑόν
1380 900 1554 956 πυλωρὸν
1575 901 1645 952 φύ-

139 963 245 997 λακα
263 956 426 1015 Τεῦκρον
445 962 547 1013 ἀμφί
566 977 616 1000 σοι
638 959 795 1007 Λείψω,
817 962 955 1014 τροφῆς
975 958 1098 1000 ἄοκνον
1129 960 1254 1007 ἐ’μπα,
1288 959 1342 998 κεῖ
1370 963 1481 999 τανῦν
1502 955 1644 1000 Τηλω-

140 1012 211 1054 τὸς
230 1015 366 1068 οὶχνεῖ,
388 1016 572 1065 δυσμενῶν
594 1016 714 1072 θήραν
733 1017 849 1070 ἔχων.

196 1070 454 1115 Accedimus
487 1074 544 1115 ad
576 1075 750 1128 ellipsin
785 1074 983 1115 omnium
1020 1074 1208 1115 maxime
1243 1073 1500 1127 speciosam,
1550 1083 1646 1124 quae

142 1131 210 1170 est
228 1130 424 1171 adverbii
441 1134 609 1180 μᾶλλον.
670 1129 914 1172 Homerus:
943 1130 1108 1179 Bodzou’
1142 1131 1215 1179 ἐγὼ
1251 1129 1341 1170 λαὸν
1373 1130 1449 1170 σόον
1468 1130 1646 1176 ἔμμεναι,

141 1185 168 1229 ἦ
189 1186 416 1230 ἀπολέσθαι.
474 1187 590 1236 Quid
610 1191 746 1230 vero?
782 1187 869 1236 Qui
896 1189 943 1230 in
974 1188 1220 1242 hujusmodi
1254 1187 1466 1240 exemplis
1494 1187 1647 1234 μᾶλλον

112 1243 352 1286 ,omissum
375 1259 468 1287 esse
486 1250 662 1300 putant,
699 1260 805 1287 num
837 1247 881 1287 hi
914 1247 1178 1298 cogitarunt,
1214 1245 1317 1300 quid
1349 1243 1572 1290 lucrifiat,
1608 1241 1647 1282 si

142 1303 295 1346 μᾶλλον
321 1303 540 1344 addatur?
574 1302 690 1344 Nam
726 1318 821 1358 quae
849 1317 901 1344 eo
920 1303 1081 1343 omisso
1110 1302 1342 1343 difficultas
1377 1305 1458 1347 est,
1493 1299 1652 1341 eaaad-

142 1357 235 1399 dito
254 1371 341 1400 non
361 1361 546 1411 tollitur,
580 1360 929 1416 quandoquidem
964 1373 1050 1401 non
1082 1360 1189 1401 illud
1207 1360 1437 1400 obscurum
1459 1361 1538 1407 est,
1573 1357 1650 1411 qui

141 1416 295 1462 μᾶλλον
330 1417 493 1464 omitti,
530 1418 603 1458 sed
634 1419 709 1472 qui
728 1417 753 1461 ἢ
774 1418 831 1457 ad
856 1417 1230 1470 comparationem
1262 1415 1460 1456 adhiberi
1494 1414 1651 1468 possit,

143 1472 258 1526 quod
277 1487 361 1515 non
384 1474 526 1526 magis
555 1475 720 1516 clarum
746 1479 814 1516 est
849 1475 1018 1526 adjecto
1049 1476 1216 1522 μᾶλλον.
1276 1471 1327 1513 In
1358 1473 1459 1512 aliis
1480 1471 1654 1525 quidem

145 1529 325 1582 linguis,
346 1535 398 1572 ut
415 1531 462 1571 in
481 1529 641 1572 Latina
673 1536 716 1572 et
747 1530 1028 1578 Germanica,
1061 1531 1436 1584 comparationum
1455 1529 1566 1569 ratio
1587 1531 1654 1569 est
1667 1528 1745 1572 185

146 1586 372 1635 facillima,
409 1589 522 1643 quod
544 1589 610 1630 hae
628 1589 856 1641 particulis
887 1592 1070 1630 utuntur
1093 1588 1430 1629 similitudinem
1461 1585 1655 1626 indican-

145 1643 282 1692 tibus,
319 1657 462 1700 quam‚
499 1657 565 1692 ac,
599 1651 741 1700 atque,
770 1644 849 1692 als,
870 1644 966 1692 wie,
1000 1643 1170 1685 alswie:
1201 1644 1360 1698 quibus
1390 1643 1657 1684 Germanica

147 1700 270 1743 addit
301 1701 423 1754 dean,
454 1702 567 1757 quod
587 1706 654 1742 est
674 1700 843 1749 deinde,
873 1715 960 1756 quo
994 1701 1055 1748 id,
1091 1702 1267 1756 quicum
1294 1699 1461 1754 aliquid
1480 1712 1656 1752 compa-

148 1762 285 1810 ratur,
321 1760 396 1800 illo
431 1760 700 1811 significatur
728 1759 949 1813 posterius
975 1771 1084 1799 esse.
1146 1756 1293 1810 Longe
1316 1757 1372 1798 ab
1394 1757 1462 1797 his
1483 1769 1658 1810 compa-

147 1815 273 1857 randi
302 1817 442 1857 modis
468 1817 652 1857 discedit
687 1814 840 1857 Graeca
866 1817 1030 1868 lingua,
1066 1828 1161 1870 quae
1202 1828 1336 1870 quum
1373 1813 1593 1868 particula
1629 1813 1654 1858 ἢ

151 1875 312 1920 utatur,
344 1875 466 1927 cujus
496 1875 643 1914 multae
675 1874 790 1920 aliae,
826 1886 973 1929 eaeque
998 1875 1131 1914 variae
1167 1872 1507 1924 significationes
1534 1874 1654 1918 sunt,

77 1978 82 1984 ἱ
149 1931 195 1971 id
224 1932 369 1985 ipsum
405 1935 507 1971 ante
537 1932 685 1971 omnia
720 1932 995 1986 quaerendum
1036 1934 1118 1980 est,
1153 1943 1238 1984 quo
1278 1929 1522 1981 significatu
1565 1927 1657 1968 haec

149 1988 367 2042 particula
385 1989 703 2042 comparationi
723 1989 943 2029 inserviat,
1006 1986 1382 2034 Quemadmodum
1402 1986 1472 2033 μὲν
1492 1989 1537 2025 et
1560 1985 1655 2033 μὴν,

151 2045 190 2086 δὲ
210 2049 255 2087 et
275 2044 322 2088 δὴ
342 2046 575 2099 paullatim
606 2046 792 2086 discerni
823 2049 1062 2098 coeperunt,
1095 2057 1232 2097 quum
1260 2043 1389 2083 initio
1421 2046 1654 2095 utrumque

150 2115 240 2143 una
268 2102 485 2156 particula
514 2103 687 2150 fuisset,
718 2101 796 2150 μὴν
816 2107 860 2143 et
880 2102 943 2149 δὴ,
974 2103 1038 2142 ita
1055 2101 1079 2146 ἦ
1100 2102 1211 2141 nihil
1239 2100 1358 2140 aliud
1376 2102 1441 2140 est
1459 2112 1592 2152 quam
1611 2097 1653 2146 ἦ,

152 2163 324 2201 mutato
352 2173 452 2201 cum
482 2160 799 2212 significatione
823 2163 1021 2200 accentu.
1089 2157 1201 2199 Illud
1235 2157 1259 2201 ἦ
1282 2157 1458 2210 proprie
1491 2157 1655 2208 signifi-

151 2218 282 2259 cabat
320 2215 543 2274 profecto:
574 2214 637 2257 '³'H
679 2234 738 2257 κεν
771 2215 943 2265 «γηθήσαι
975 2215 1157 2270 Πρίαμος
1193 2214 1384 2269 Πριάμοιό
1422 2229 1463 2253 τε
1502 2212 1655 2254 παῖδες.

153 2273 364 2316 Manente
397 2275 477 2316 hoc
510 2275 754 2327 significatu
785 2275 830 2314 in
861 2273 1275 2326 interrogationibus
1315 2271 1519 2324 usurpari
1549 2270 1657 2311 inci-

152 2332 328 2386 piebat:
353 2329 418 2372 '’'H
438 2332 485 2387 ῥά
504 2334 544 2372 νύ
563 2333 629 2379 μοι’
651 2348 687 2372 τι
706 2329 863 2378 affluam
894 2329 1073 2371 Leniter
1104 2330 1205 2370 hinc
1232 2329 1410 2370 deflexit
1439 2327 1655 2380 significa-

152 2389 234 2435 tio,
254 2393 316 2430 ‘ut
335 2388 549 2431 indicaret
570 2387 780 2446 anforte:
807 2386 928 2429 Τι’-πτ’
950 2386 1049 2438 αὖτ’,
1077 2388 1261 2439 αἶνγιόχοιο
1290 2384 1387 2426 Διὸς
1406 2387 1528 2431 τέκος,
1550 2384 1655 2428 εἰλή-

154 2444 330 2492 λουθαςς
355 2443 419 2485 *H
449 2447 507 2486 ἵνα
537 2447 636 2501 ὕβριν
665 2445 729 2501 ἰ’δῃ
755 2445 1043 2494 Ἀγαμέμνονος
1068 2443 1296 2498 Ἀτρείδαος
1334 2441 1496 2483 Eodem
1529 2442 1657 2483 modo

155 2516 235 2544 nos
255 2504 300 2544 in
321 2502 390 2543 his
410 2503 552 2544 tribus
571 2504 782 2557 exemplis
806 2516 903 2543 eam
932 2502 1191 2556 particulam
1212 2504 1363 2542 nostra
1384 2498 1492 2542 wohl
1508 2500 1656 2554 expri-

155 2573 382 2611 meremuS,
414 2561 460 2601 in
488 2561 620 2601 tertio
650 2561 850 2614 exemplo
881 2562 1015 2601 etiam
1041 2572 1119 2613 per
1140 2564 1261 2600 etwa.
1321 2555 1428 2598 Haec
1453 2557 1654 2599 dubitan-

153 2619 214 2660 tis
248 2618 601 2670 interrogationis
632 2618 892 2671 significatio
929 2617 1130 2658 traducta
1161 2620 1226 2658 est
1252 2615 1409 2656 deinde
1432 2614 1567 2655 etiam
1599 2616 1655 2656 ad

155 2676 268 2716 alias
303 2675 528 2722 formulas,
564 2677 615 2716 ut
650 2676 819 2730 ‘nd-regor,
848 2674 890 2721 ἢ,
919 2675 996 2715 ubi
1026 2672 1175 2714 Latini
1212 2686 1285 2721 an,
1316 2685 1392 2714 nos
1421 2672 1594 2724 longius
1627 2673 1747 2716 a186

157 2731 325 2775 Graecis
363 2733 610 2774 recedentes
655 2731 755 2774 oder
791 2732 988 2774 dicimus.
1066 2729 1260 2773 Indidem
1299 2730 1408 2771 talia
1448 2733 1566 2777 sunt,
1605 2733 1655 2770 ut

155 2788 286 2838 Ἠμὲν
307 2793 500 2831 ἀνακλῖναι
517 2789 668 2831 πυκινὸν
688 2792 807 2842 νέφος,
840 2789 901 2832 ’ἧδ’
920 2787 1115 2837 ἐπιθεῖναι,
1139 2789 1181 2830 id
1201 2791 1283 2836 est,
1303 2786 1408 2836 Sive,
1427 2785 1529 2829 Sive.
1569 2785 1657 2828 Ne-

157 2859 243 2899 que
271 2846 353 2895 ἧδὲ,
389 2853 430 2888 et
462 2848 727 2901 significans,
760 2848 899 2888 valiam
933 2847 1066 2888 habet
1104 2847 1344 2900 originem;
1381 2844 1496 2898 quod
1528 2843 1658 2885 initio

159 2909 255 2946 erat
292 2904 358 2946 vel
395 2904 538 2947 etiam.
599 2904 687 2946 Sed
725 2905 889 2946 nudum
927 2905 953 2950 ἢ
993 2917 1129 2958 quum
1165 2907 1281 2946 esset
1320 2917 1376 2945 an
1392 2901 1527 2959 forte,
1559 2913 1661 2942 mox

159 2962 299 3007 etiam·
313 2961 380 3007 vel
398 2968 445 3008 et
462 2970 537 3009 aut
553 2964 798 3019 significare
816 2964 968 3020 coepit,
991 2961 1056 3007 *H
1078 2961 1174 3013 τεὸν,
1200 2961 1230 3009 ἢ
1246 2960 1426 3013 Αἴαντος,
1455 2959 1560 3015 quia
1579 2959 1662 3003 hoc
