1838 3164
662 125 950 168 PRAEFATIO
979 126 1255 169 LEISNERI.
1672 138 1722 164 xv

208 246 327 287 locus
348 245 547 303 Xenoph.
564 245 743 303 Ephesii
761 261 854 289 esse
867 251 1027 303 potest,
1046 249 1120 302 qui
1139 245 1249 290 Obs.
1274 246 1403 289 Misc.
1423 248 1508 288 vol.
1530 259 1571 287 v·
1587 258 1630 299 p.
1646 243 1719 285 25.

208 304 477 347 emendatur.

266 359 504 414 Hactenus,
532 366 743 416 quantum
763 363 961 406 doctrina
993 365 1045 405 de
1080 363 1309 419 ellipsibus
1344 362 1384 403 ei
1420 361 1608 402 utilitati
1641 360 1717 406 sit,

200 419 282 472 qui
315 423 478 462 vsteoes
509 419 710 462 auctores
745 421 853 474 legit
895 426 938 463 et
968 422 1174 477 explicat,
1203 426 1425 463 ostensum
1457 422 1550 465 est;
1582 430 1714 465 nune,

202 479 421 531 quantum-
450 478 603 519 honori
637 490 688 519 ac
723 478 854 520 samue
888 483 1115 520 auctorum
1145 479 1364 525 consulat,
1393 477 1546 531 paucis
1583 488 1713 529 expe-

202 534 387 579 dinamus.
446 534 679 577 Neminem
697 535 829 589 fugit,
859 537 1031 589 quoties
1059 540 1103 577 et
1134 541 1302 577 veteres
1331 538 1559 576 auctorum
1588 545 1714 574 enar-

186 595 388 641 itmreffi
418 596 464 636 et
483 597 642 634 nostrae
661 594 809 635 aetatis
828 594 1122 646 grammatici,
1149 593 1227 634 ubi
1262 602 1319 633 ex
1345 591 1713 646 praeceptionibus

130 695 134 699 ,
199 649 295 693 tuin
327 651 493 692 nullam
525 651 727 692 idoneam
754 652 1029 704 quarundam
1064 651 1306 692 formarum
1334 649 1541 701 loquendi
1578 649 1714 690 ratio-

183 717 304 750 vnem
333 708 510 750 reddere
538 713 740 763 possunt,
770 710 827 750 ad
856 709 1167 758 soloecismum,
1197 711 1278 751 aut
1311 708 1443 754 certe,
1475 705 1512 747 si
1548 706 1714 747 modes-

200 764 467 808 tiaetlaudem
494 767 703 808 tuendam
722 770 895 821 putant,
926 768 984 809 ad
1003 767 1262 820 σολοικοφανὲς
1294 763 1570 818 confugiant,
1600 764 1713 818 pris-

182 822 349 877 cisque
362 825 632 872 auctoribus,
661 825 858 866 omnium
885 825 1086 880 leporum
1114 825 1344 877 omnisque
1373 821 1604 875 elegantiae
1634 834 1712 875 pa-

197 881 414 929 rentibus,
444 884 713 924 teterrimam
752 882 863 924 hanc
892 884 1107 925 orationis
1136 887 1307 938 pestem
1337 881 1563 934 affingant.
1626 877 1713 920 Sed

196 938 308 981 mihi
336 940 594 993 religionem
613 953 765 982 eorum
793 941 919 983 valde
953 942 1127 996 placere
1159 941 1383 997 profiteor,
1414 938 1489 990 qui
1519 949 1606 978 non
1627 937 1714 978 nisi

196 996 352 1039 timide
370 1009 423 1039 ac
438 998 694 1040 dubitanter
714 999 800 1040 sibi
820 1000 1071 1041 faciendum
1101 1011 1196 1040 esse
1211 999 1406 1044 censent,
1427 1001 1478 1037 ut
1507 994 1597 1036 illis
1623 1007 1712 1035 ser-

198 1054 341 1095 monis
361 1055 470 1097 vitia
489 1056 770 1109 exprobrent.
832 1056 1002 1098 Deinde
1020 1069 1149 1099 nemo
1170 1069 1266 1098 esse
1285 1056 1447 1109 justius
1470 1053 1711 1106 negaverit,

149 1115 152 1121 '
186 1113 586 1164 grammaticorum
617 1114 917 1155 cavillationes
947 1116 1004 1156 ad
1023 1119 1222 1156 veterum
1256 1114 1439 1167 scripta,
1468 1123 1601 1164 quam
1623 1110 1712 1151 haec

196 1168 255 1209 ad
274 1169 380 1210 istas
398 1170 586 1222 exigere.
648 1170 880 1220 Praeterea,
911 1174 991 1214 etsi
1016 1184 1091 1213 eos
1123 1171 1347 1214 interdum
1378 1169 1566 1210 libenter
1595 1169 1711 1220 lego,

194 1225 278 1277 qui
293 1226 458 1268 similia
475 1228 522 1267 in
542 1229 707 1281 linguis
726 1230 979 1277 observant,
1011 1230 1224 1286 nobisque
1248 1229 1454 1277 ἀναλογίαν
1474 1226 1714 1267 identidem

194 1281 434 1332 inculcant,
465 1289 703 1339 propterea
733 1287 852 1340 quod
888 1288 1140 1339 linguarum
1175 1287 1370 1328 studium
1403 1282 1581 1325 facilius
1624 1282 1714 1324 effi-

189 1339 342 1382 ciunt:
375 1341 542 1384 frustra
561 1346 711 1384 tamen
731 1357 806 1385 eos
826 1345 1024 1386 laborare
1042 1348 1164 1386 certo
1191 1345 1298 1391 scio,
1328 1342 1405 1396 qui
1439 1342 1493 1382 de
1519 1344 1614 1381 tota
1631 1341 1713 1381 ali-

191 1409 284 1451 qua
315 1398 469 1452 lingua
500 1403 714 1453 tanquam
748 1402 934 1443 scientia
953 1402 1186 1457 praeceptis
1219 1399 1463 1442 coercenda
1495 1398 1711 1451 cogitant,

191 1455 300 1508 quia
323 1469 430 1499 usus
458 1469 676 1512 nunquam
697 1461 1087 1512 grammaticorum
1119 1460 1284 1513 regulis
1315 1459 1380 1499 ita
1397 1456 1615 1508 adstringi
1637 1467 1713 1510 po-

192 1515 299 1562 test,
326 1515 438 1567 quin
467 1529 580 1571 saepe
599 1517 656 1558 iis
678 1530 723 1558 se
745 1519 932 1560 solutum
961 1531 1058 1560 esse
1077 1517 1295 1559 ostendat.
1357 1513 1513 1568 Itaque
1532 1526 1714 1555 consue-

192 1571 301 1613 tudo
314 1584 449 1625 quam
469 1576 710 1629 saepissime
729 1577 892 1618 tuenda
912 1579 994 1625 est,
1027 1589 1143 1630 quae,
1173 1578 1212 1616 si
1235 1586 1322 1616 non
1342 1573 1388 1614 in
1408 1571 1630 1617 omnibus,
1662 1575 1713 1612 ut

192 1626 337 1671 Varro
364 1635 494 1686 putat
523 1633 640 1687 apud
671 1631 787 1675 Gen.
811 1634 860 1675 ii.
894 1634 965 1676 25.
986 1638 1142 1676 tamen
1177 1634 1224 1674 in
1258 1632 1409 1674 multis
1440 1629 1710 1670 dominatui<

193 1684 396 1740 Denique
415 1690 491 1732 ubi
522 1692 716 1745 ipsorum
747 1693 1137 1744 grammaticorum
1158 1691 1473 1746 praeceptiones
1492 1688 1711 1729 rationem

191 1756 243 1786 ac
262 1746 379 1788 viam
409 1749 535 1802 quasi
571 1752 832 1798 monstrant,
866 1755 1032 1792 veteres
1062 1753 1260 1791 auctores
1288 1751 1445 1790 contra
1465 1746 1710 1798 impactum

191 1800 303 1856 ipsis
323 1805 554 1848 soloecismi
574 1808 739 1848 crimen
759 1808 1036 1855 defendendi,
1069 1808 1181 1848 hanc
1201 1807 1319 1847 viam
1341 1803 1624 1858 cupidissime
1644 1815 1708 1844 se-

190 1860 265 1911 qui
286 1868 627 1906 consentaneum
647 1878 742 1906 esse
761 1866 974 1913 ducimus,
1004 1870 1047 1906 et
1083 1866 1138 1906 ad
1170 1863 1362 1906 officium
1396 1862 1592 1903 nostrum
1611 1871 1709 1913 per>-

191 1918 349 1960 tinere.
412 1919 529 1964 Huic
565 1922 707 1964 officio
746 1936 861 1964 nunc
901 1936 987 1965 non
1025 1923 1259 1964 deerimus.
1317 1919 1559 1966 Videamus
1589 1918 1709 1958 locos

191 1979 402 2026 veterum,
433 1980 510 2031 qui
531 1981 832 2032 grammaticis
845 1981 1101 2028 soloecismi,
1134 1982 1213 2021 aut
1245 1979 1512 2020 ἀντιπτώσεως
1532 1975 1708 2017 nomine

191 2031 394 2075 videntur
410 2037 601 2090 suspecti
621 2050 732 2078 esse.
795 2036 1011 2079 Homerus
1028 2037 1154 2079 Iliad.
1177 2035 1228 2077 K.
1249 2048 1340 2077 ver.
1355 2033 1429 2075 43.

305 2089 381 2132 Τὸν
403 2092 762 2143 δ’ᾼοξπαμειβόμενος
777 2098 950 2150 ,προσέφη
971 2097 1098 2149 κρείων
1114 2093 1392 2143 Ἀγαμέμνων·

304 2146 416 2202 Χρεὼ
437 2153 582 2198 βουλῆς
599 2153 669 2199 ἐμὲ
687 2156 751 2192 καὶ
772 2153 829 2200 σὲ,
859 2152 1045 2208 διοτρεφὲς
1065 2151 1094 2193 ὦ
1113 2150 1306 2192 Μενέλαε.
1334 2182 1340 2191 2

302 2204 433 2249 Hunc
451 2213 593 2250 autem
610 2208 869 2265 respondens
886 2209 1093 2252 allocutus
1111 2214 1174 2251 est
1190 2221 1266 2251 νεα·
1286 2206 1579 2264 Agamemnon
1594 2221 1609 2248 .·

188 2291 191 2294 ‹
303 2262 420 2321 Opus
436 2271 496 2307 est
514 2266 694 2309 consilio
713 2274 756 2309 et
774 2267 883 2314 milti
901 2274 943 2309 et
963 2266 1059 2317 tibi,
1080 2265 1117 2309 J
1117 2266 1207 2309 ovis
1225 2266 1409 2314 alumne,
1431 2280 1454 2308 ο
1476 2265 1688 2307 Menelae.

183 2321 259 2363 Ad
289 2335 343 2364 ea
373 2325 534 2366 verba:
567 2324 681 2381 Χρεώ
713 2328 858 2374 βουλῆς
888 2327 957 2375 ἐμὲ
983 2325 1047 2372 καὶ
1074 2326 1131 2374 σὲ,
1162 2326 1227 2367 ita
1256 2324 1521 2366 Scholiastes
1541 2335 1703 2376 anony-

188 2390 314 2422 mus:
350 2379 474 2437 Χρεία
494 2385 716 2431 συμβουλῆς
747 2382 830 2431 ἐμοὶ
851 2384 914 2424 καὶ
936 2386 1005 2424 σοι’.
1036 2384 1116 2424 ’ἐστι
1147 2382 1185 2424 δὲ
1221 2382 1454 2430 σολοικισμὸς
1488 2381 1599 2437 παραὶ
1631 2382 1703 2422 ταὶς

189 2439 371 2488 πτώσεις,
400 2439 484 2481 ἀντὶ
517 2444 585 2482 τοῦ
619 2441 702 2489 ἐμοὶ
731 2440 795 2482 καὶ
829 2443 899 2493 σοί,
956 2439 1216 2483 Eustathius
1235 2445 1414 2482 autem:
1437 2438 1559 2481 ''Em-a
1591 2438 1630 2479 δὲ
1657 2437 1702 2479 τὸ

186 2494 261 2542 μὲν
278 2496 347 2544 ἐμὲ
368 2497 431 2537 καὶ
460 2499 516 2546 σὲ,
548 2499 776 2539 ἀντίπτωσις
810 2499 892 2540 ἀντὶ
927 2504 995 2541 τοῦ
1029 2499 1111 2548 ἐμοὶ
1146 2499 1209 2539 καὶ
1239 2499 1308 2540 σοι’.
1371 2496 1430 2538 Η.
1452 2497 1701 2552 Stephanus

186 2552 376 2607 denique
395 2559 542 2597 censet
560 2568 655 2597 esse
672 2558 973 2599 accusativum
998 2570 1080 2611 pro
1099 2558 1259 2598 dativo.
1319 2553 1370 2597 Id
1389 2555 1504 2608 quod
1527 2568 1555 2595 a
1573 2555 1703 2595 soloe-

185 2610 325 2652 cismo
354 2612 461 2664 quid
488 2612 680 2661 differat,
710 2626 781 2655 me
812 2627 900 2656 non
931 2615 1097 2662 videre,
1128 2628 1228 2656 cum
1257 2612 1361 2655 Joh.
1397 2612 1551 2655 Jensio
1577 2610 1699 2653 Lect.

187 2664 294 2710 que.
317 2669 365 2710 ii.
388 2668 431 2711 4.
454 2669 612 2712 fateor.
674 2670 767 2713 Nec
787 2673 898 2713 satis
917 2672 1049 2714 habet
1077 2671 1345 2714 scholiastes
1365 2672 1438 2712 ille
1459 2682 1703 2723 anonymus

186 2725 270 2768 hoc
289 2729 505 2770 sermonis
524 2730 680 2771 vitium
702 2742 790 2770 uno
809 2731 904 2772 loco
924 2733 971 2772 in
993 2728 1238 2771 Homerum
1258 2731 1475 2784 conjicere
1494 2742 1504 2778 ;
1531 2740 1701 2782 grassa·

184 2785 260 2825 tur
276 2784 430 2826 eadem
450 2786 498 2828 in
517 2799 617 2829 eum
635 2787 822 2829 audacia
839 2789 896 2829 ad
911 2787 1037 2830 Iliad.
1060 2786 1095 2830 Ι.
1117 2799 1204 2831 ver.
1227 2786 1326 2830 608.
1365 2796 1367 2798 ·

252 2848 255 2851 ”
636 2844 737 2887 -οἰί
757 2846 796 2887 τί
814 2862 865 2894 με
885 2849 1036 2890 ταύτης

357 2896 471 2957 Χρεώ
493 2902 665 2951 τιμῆς-
