1838 3164
492 128 815 174 PLEONASMI
840 123 1267 169 ADVERBIORUM.
1571 89 1651 162 165

130 241 256 299 ῥήτωρ
275 246 358 299 etc.
419 242 533 288 Xen.
569 244 668 302 Cyri
704 242 825 286 Disc.
855 241 950 285 viii.
984 240 1029 290 5,
1060 239 1099 282 5.
1125 239 1341 282 ‘naam-m
1359 238 1398 282 δὲ
1419 238 1539 284 οὕτως
1556 239 1645 298 ίἔχει

129 298 198 341 καῖ
213 301 312 360 west·
321 306 570 348 κατασκευῆς.

186 357 230 400 2.
259 357 388 402 Alius
421 361 552 415 hujus
583 359 679 402 adv.
709 359 991 413 pleonasmus
1017 354 1237 410 praebetur
1255 354 1338 397 hoc
1356 355 1583 410 exemplo:
1615 353 1644 399 ἦ

131 417 246 472 χώρα
265 417 341 473 asoti>
368 416 547 467 Ἰταλοῦ,
575 418 762 466 βασιλέως
783 415 879 456 τινὸς
907 412 1119 471 Ἀρκάδων,
1151 412 1316 461 τοῦνομα
1336 416 1449 454 τοῦτο
1467 413 1642 465 ἔχοντος,

131 474 250 515 οὕτως
276 473 440 516 Ἰταλία
475 472 706 525 &vendo-5⁷2:
752 472 892 516 Thuc.
921 473 981 514 vi.
1011 470 1053 513 2.
1085 468 1302 513 Convenit
1337 470 1444 518 illis,
1473 482 1572 523 quae
1596 470 1644 512 in

130 532 389 585 praemonito
410 533 541 587 huJus
561 545 654 586 cap.
675 531 785 572 dixi.

138 602 141 604 ·
185 587 227 630 3.
260 586 504 632 Ple‘onasmi
526 591 700 632 nomine
721 589 848 630 nobis
875 588 1011 629 etiam
1032 586 1180 628 veniat
1211 585 1329 626 οὕτως
1347 584 1542 639 positum
1559 597 1645 640 pro

119 640 280 702 filcile,
305 645 590 703 ⁴simpliciter,
625 643 937 704 perficnctorie,
980 648 1064 686 etc.
1122 641 1233 685 Xen.
1267 640 1405 683 Mem.
1431 642 1496 683 iii.
1526 641 1570 691 6,
1601 641 1645 684 9.

129 699 248 759 οὕτως
267 711 312 753 ‘ys
332 704 409 745 ἀπὸ
429 707 634 754 στόματος.
667 703 781 746 Plat.
812 704 896 745 vol.
919 702 997 743 vii.
1026 715 1072 756 p.
1102 700 1194 743 159.
1228 698 1324 741 ΣΩ.
1352 698 1492 740 Ἀλλὰ
1509 701 1586 755 «γὰρ
1606 700 1649 740 τί

127 758 262 813 ἐ’χείςῖ.
288 791 298 802 .
325 791 335 801 .
358 765 377 804 ‘I
408 761 504 804 ΓΛ.
538 762 630 804 Οὐκ
649 763 733 814 ’έχω
752 763 807 811 γ’,
826 762 915 814 ἔφη,
938 764 997 802 νῦν
1016 761 1053 808 ‘y'
1076 759 1228 799 οὑτωσί.
1252 755 1377 798 Max.
1396 755 1500 809 Tyr.
1522 755 1644 798 DiSS.

126 816 216 859 xvi.
250 818 347 860 init.
387 821 498 868 λόγον
537 819 671 860 οὑτωσὶ
710 817 900 875 ῥηθέντας
946 817 1023 858 ubi
1067 815 1231 858 Markl.
1263 814 1454 869 explicat
1482 814 1647 864 verbis,

129 873 261 924 nude,
290 875 383 918 sine
401 877 492 919 ulla
504 875 756 933 probatione
775 875 843 918 vel
860 873 1072 922 examine,
1102 872 1381 929 negligenter,
1414 869 1562 920 obiter,
1602 876 1648 914 et

131 931 222 974 alia
255 931 444 976 Maximi
478 936 751 988 aliorumque
784 935 881 975 loca
910 933 1051 974 affert.
1110 931 1295 973 Prorsus
1323 931 1439 972 idem
1471 930 1649 972 videtur

124 1001 220 1031 esse
251 990 537 1034 Homericum
570 993 710 1034 αὕτως.
743 991 796 1034 11.
819 991 872 1033 A.
911 989 1011 1032 520.
1044 988 1096 1031 Β.
1130 988 1230 1030 342.
1263 986 1335 1028 Cf.
1356 1001 1454 1040 quae
1470 987 1564 1031 dixi
1585 987 1644 1030 ad

126 1059 193 1090 or.
215 1045 310 1093 Cic.
331 1063 412 1106 pro
432 1048 592 1094 Roscio
609 1049 708 1093 Am.
723 1064 761 1092 c.
785 1048 854 1091 26.
872 1049 928 1091 ad
949 1048 1111 1091 verba:
1144 1059 1231 1089 non
1249 1044 1312 1088 sic
1330 1043 1482 1090 nudos-

655 1156 888 1200 HAAIN:
921 1158 1009 1200 vid.
1031 1156 1128 1200 Α’Υ.

795 1248 989 1292 HAN‘r.

190 1341 428 1384 Abundare
468 1343 549 1384 hoc
588 1342 787 1384 nonnulli
825 1342 979 1383 volunt
1017 1340 1222 1394 junctum
1254 1337 1460 1380 adverbio
1491 1337 1647 1393 σφόδρα.

129 1398 359 1455 Aristoph.
381 1399 494 1442 Plut.
515 1398 585 1440 25.
615 1397 862 1446 πυνθάνομαι
890 1400 994 1439 πάνυ
1016 1397 1170 1452 σφόδρα.
1227 1395 1297 1438 Ibi
1329 1395 1463 1438 schol.
1495 1395 1552 1435 ὅτι
1583 1398 1649 1436 σύ-

133 1454 459 1507 νηθες“Ατ-τικοῑ’ς
478 1458 724 1514 παράλληλα
753 1454 895 1497 τιθέναι
927 1455 980 1496 ταὶ
1012 1454 1319 1503 ἰσοδυναμοῦντα.
1381 1452 1590 1509 Δηλοῢταα
1608 1451 1650 1494 δὲ

134 1513 170 1556 ἕν
187 1532 224 1555 τι
240 1513 282 1564 ἐξ
299 1517 536 1571 ἀμφοτέρων.
596 1512 740 1556 Οὕτως
759 1514 843 1566 ἐ’χει
865 1513 927 1554 καὶ
954 1512 999 1552 τὸ
1018 1512 1140 1566 τυχὸν
1157 1512 1257 1553 ἴσως.
1319 1508 1436 1551 Mihi
1458 1510 1542 1552 hoc
1559 1522 1649 1552 non

130 1572 286 1626 placet.
347 1571 449 1613 Non
478 1572 667 1614 refertur
697 1575 930 1623 utrumque
964 1570 1020 1610 ad
1056 1567 1326 1617 wvao'woy-ae:
1357 1566 1570 1622 frigidum
1603 1570 1651 1610 et

134 1629 375 1670 incomtum
408 1632 523 1670 esset
557 1629 600 1669 h.
635 1629 667 1670 l.
704 1628 955 1682 asyndeton.
987 1626 1143 1680 Neque
1177 1626 1331 1667 eodem
1362 1638 1492 1667 sensu
1526 1625 1650 1667 dicas

59 1690 69 1695 ”
135 1687 240 1727 πάνυ
257 1685 516 1736 πυνθάνομαι,
545 1698 635 1738 quo
654 1695 718 1738 σφ.
741 1701 786 1726 «π.
846 1683 959 1726 Illud
978 1684 1096 1726 enim
1123 1688 1240 1724 esset
1270 1681 1387 1725 omni
1403 1680 1530 1724 modo
1556 1682 1651 1725 sive

128 1742 280 1799 plane,
311 1757 407 1786 vere
439 1743 635 1800 requiro‚·
677 1756 776 1784 cum
809 1751 872 1794 σφ.
913 1739 1031 1782 2³va.
1070 1742 1129 1783 sit
1164 1739 1330 1797 cupide,
1355 1738 1652 1796 pertinaciter,

134 1813 230 1843 cum
250 1799 410 1857 impetu
433 1801 549 1843 idem
568 1813 722 1857 urgens
739 1798 926 1856 requiro.
985 1797 1052 1840 Tu
1073 1798 1219 1853 potius
1239 1799 1303 1839 sic
1338 1798 1523 1839 habeto:
1545 1795 1650 1854 *Pri-

135 1860 339 1906 marium,
370 1860 464 1902 sive
485 1860 544 1907 id,
575 1871 662 1912 quo
678 1859 871 1899 maxime
889 1857 1046 1898 modus>
1059 1861 1126 1898 τοῦ
1150 1853 1412 1896 πυνθάνεσθαι
1430 1853 1654 1908 definitur,

137 1916 182 1957 h.
203 1917 234 1958 1.
254 1921 321 1958 est
337 1917 503 1973 σφόδραε
536 1921 580 1958 et
615 1922 669 1971 τῷ
687 1917 790 1956 πάνυ
821 1928 971 1956 rursus
1005 1914 1210 1955 definitur
1239 1912 1284 1952 τὸ
1318 1912 1473 1968 σφόδρα.
1530 1910 1653 1955 Nam

135 1974 243 2016 ordo
264 1975 313 2014 in·
330 1975 419 2015 illis
439 1975 624 2021 obtinet,
654 1986 785 2026 quem
801 1986 907 2014 usus
922 1972 1267 2026 frequentiorem
1286 1971 1411 2018 fecit,
1439 1982 1530 2024 quo
1547 1970 1655 2012 πάνυ

135 2031 262 2086 prius
276 2033 475 2086 ponitur,
505 2036 567 2079 et,
597 2032 714 2084 quod
735 2031 1002 2072 incrementa
1033 2041 1189 2083 capere
1211 2031 1375 2083 potest,
1405 2027 1650 2082 posterius:

136 2091 183 2131 et
201 2091 306 2130 mim
324 2090 458 2131 etiam
480 2095 640 2131 natura
670 2102 750 2131 sua
779 2101 866 2130 non
887 2088 1020 2130 habet
1039 2087 1215 2141 gradus,
1243 2085 1406 2138 quibus
1425 2086 1564 2140 possit
1584 2085 1652 2128 in·
1691 2121 1695 2123 ,

137 2147 256 2188 tendi
287 2151 332 2188 et.
366 2148 667 2189 vehementius
697 2146 804 2188 fieri.
865 2144 931 2187 Ex
965 2145 1034 2187 his
1069 2144 1352 2199 perspicuum
1386 2146 1470 2192 est,
1499 2155 1654 2186 verum

136 2205 443 2260 pleonasmum
463 2205 509 2246 in
531 2206 675 2247 verbis
693 2204 782 2246 illis
797 2216 884 2245 non
906 2204 1062 2245 inesse.
1414 2201 1416 2203 ’

196 2261 238 2303 2.
272 2261 374 2303 Non
393 2276 573 2316 possum
591 2263 751 2310 facere,
781 2263 889 2315 quin
910 2261 981 2303 hic
999 2266 1041 2301 οὒ
1059 2259 1163 2301 πάνυ
1190 2271 1270 2300 sua
1289 2258 1335 2299 in
1355 2258 1450 2300 luce
1469 2269 1651 2313 ponam,

137 2320 218 2361 etsi
240 2320 295 2361 ad
317 2320 569 2362 institutum
587 2334 663 2375 per
680 2333 727 2361 se
746 2332 835 2360 non
854 2320 1056 2374 pertinet.
1114 2315 1312 2358 Horreus
1343 2315 1398 2356 de
1427 2328 1480 2357 eo
1504 2317 1553 2357 in
1587 2317 1654 2358 in-

138 2377 235 2419 dice
270 2377 326 2419 ad
356 2375 578 2420 AEschinis
597 2378 719 2419 diall.
743 2378 773 2418 i.
792 2377 836 2419 3.
870 2378 1056 2418 multum
1083 2386 1116 2416 a
1145 2387 1251 2416 vero
1286 2374 1474 2416 aberrat.
1532 2372 1653 2417 Nam

139 2437 183 2475 οὐ
198 2437 302 2475 πάνυ
322 2436 636 2490 interpretatus
671 2440 738 2477 est
766 2447 938 2491 prorsus
968 2446 1069 2482 non,
1100 2445 1242 2485 neque
1260 2431 1498 2485 quidquam
1531 2432 1656 2474 addi·

138 2493 222 2540 dit,
252 2491 362 2534 adeo
391 2497 441 2534 ut
475 2498 702 2548 appareat,
734 2494 775 2534 ei
806 2492 918 2533 nihil
948 2490 1218 2532 difficultatis
1234 2489 1502 2537 suboluisse,
1535 2494 1579 2531 et
1599 2503 1654 2532 ex

139 2550 238 2602 ejus
258 2551 476 2591 sententia
496 2552 586 2591 vim
608 2551 856 2604 negationis
891 2553 932 2591 οὐ
967 2549 1137 2590 definiri
1165 2547 1372 2589 adverbio
1390 2547 1510 2599 πάνυ,
1537 2548 1655 2600 quod

139 2620 165 2648 e
200 2610 423 2648 structura
446 2609 504 2649 sit
521 2609 656 2662 prius.
717 2607 902 2649 Acutius
934 2619 1114 2649 cernens
1150 2604 1459 2651 Buttmannus‚
1490 2605 1574 2653 vir,
1604 2610 1656 2647 ut

139 2668 327 2712 constat,
373 2664 622 2707 Graecarum
662 2666 911 2706 litterarum
950 2664 1149 2719 apprime
1189 2675 1368 2716 gnarUS,
1410 2662 1499 2703 alio
1530 2664 1658 2704 modo

141 2723 452 2777 explicandum
491 2736 586 2764 esse
619 2722 745 2764 vidit.
804 2721 890 2764 Hic
926 2722 972 2762 in
1007 2722 1095 2763 ind.
1135 2721 1189 2762 ad
1219 2720 1278 2761 iv.
1310 2720 1431 2761 diall.
1461 2719 1657 2762 Platonis

143 2781 211 2821 ed.
245 2778 416 2822 Biester
446 2780 527 2822 sub
557 2783 599 2821 οὐ
629 2781 715 2821 sic:
756 2785 786 2804 “
824 2779 991 2820 Notata
1028 2781 1121 2833 Jam
1156 2782 1224 2820 est
1254 2777 1565 2830 Hoogeveenio
1594 2776 1659 2831 (p.

144 2843 175 2862 ‘⁶
200 2835 297 2879 605.
331 2838 512 2889 Sehiitz)
542 2839 608 2879 vis
630 2839 757 2892 hujus
789 2837 1032 2891 particulae,
1063 2849 1152 2889 qua
1172 2849 1336 2883 vocem,
1367 2836 1437 2876 cui
1460 2835 1657 2883 additur,

144 2900 175 2920 ‘⁶
199 2907 285 2936 non
315 2899 485 2938 tantum
518 2899 668 2950 negat,
698 2896 774 2937 sed
798 2894 931 2952 plane
967 2893 1017 2935 in
1052 2900 1312 2937 contra-num
1350 2891 1488 2935 vertit.
1566 2891 1658 2933 Ad-

145 2958 175 2981 “
201 2957 411 3012 structum
434 2955 515 3012 hoc
545 2960 612 3008 est
635 2954 698 3006 ibi
719 2954 870 3012 phrasi
891 2953 933 2997 οὔ
952 2961 1067 3007 φημι,
1099 2953 1128 2996 i.
1152 2967 1189 2996 e.
1224 2965 1352 3008 nego,
1413 2950 1584 2994 Addam
1605 2962 1660 2994 ex
