1838 3164
145 133 239 180 250
679 152 879 188 smmis
905 149 1144 188 monimum.

742 258 768 285 ‘¹⁵
795 252 1083 299 ΠΟΝΤΟΣ.

205 325 259 370 In
274 324 461 379 Εὔξεινός.
517 327 756 386 Dionysius
775 330 824 373 in
841 328 1012 383 Perieg.
1034 325 1130 373 763.
1153 323 1318 371 LmsN.
1374 325 1517 385 ffVide
1529 299 1666 389 supra

149 384 206 427 ad
226 398 267 429 v.
287 385 488 438 Πέλαγος.
547 388 751 432 Scmmr.
820 396 833 402 “

567 491 595 520 ’²¹¹
623 489 867 541 HOPNH,
897 487 1249 535 MERETRIX.

164 605 166 607 -
205 570 258 615 In
295 575 336 615 αἱ
367 572 447 622 ἐπὶ,
480 571 575 623 doto,
606 576 681 616 τῶν
710 572 946 623 οἰκημάτων,
981 583 1042 614 Sc.
1064 571 1214 626 πόρναι.
1277 569 1409 627 [Imo,
1441 585 1538 628 quae
1569 576 1665 619 οἶτο-

145 630 277 680 τόμως
294 633 567 674 vocabantur
583 631 735 687 πόρναι,
767 643 849 685 per
868 629 1161 672 urbanitatem
1180 628 1376 672 Atticam
1404 630 1532 675 dictae
1561 636 1666 677 sunt

145 691 188 730 αἱ
216 688 278 730 ἐπὶ
315 688 369 743 (s.
406 690 502 746 ἀπὸ)
536 692 611 731 τῶν
631 689 868 737 οἰκημάτων.
925 686 1023 730 Tali
1052 690 1202 730 autem
1234 688 1480 731 urbanitati
1513 691 1664 745 hujus-

145 747 264 789 modi
291 748 468 803 ellipses
488 748 623 803 plane
655 746 911 802 repugnant.
943 743 1171 801 Sensum]
1230 743 1283 787 In
1322 744 1663 802 δωδεκαμήχανος,

146 817 206 846 sc.
241 806 375 861 πόρνη.
415 804 580 847 LmsN.
653 804 1005 856 Δωδεκαμήχανος
1040 807 1162 845 certa
1199 804 1399 856 quaedam
1439 807 1662 857 meretrix,

146 861 331 916 Cyrene,
352 863 473 906 dicta
491 863 595 912 fuit,
634 864 673 905 si
706 863 814 905 fides
844 861 993 904 Suidae
1027 869 1062 904 t.
1095 862 1128 902 i.
1165 874 1211 916 p.
1245 860 1344 903 622.
1368 862 1443 915 qui
1466 865 1663 917 sequitur

144 919 326 967 Scholia
349 921 406 963 ad
436 920 664 976 Aristoph.
699 919 815 963 Ran.
848 933 891 962 v.
916 917 1059 968 1363.
1117 917 1186 960 Ex
1219 919 1536 973 Aristophanis
1566 923 1664 976 qui-

142 978 243 1020 dem
261 980 358 1021 loco
379 992 468 1021 non
497 980 698 1032 colligas,
719 979 864 1033 ipsam
884 974 1086 1030 Cyrenen
1118 976 1183 1019 sic
1208 977 1481 1031 appellatam
1499 978 1662 1024 fuisse:

142 1047 248 1134 gam
266 1036 311 1078 τὸ
332 1035 658 1090 δωδεκαμήχανον
674 1033 859 1092 Κυρήνης
871 1039 936 1077 est
951 1034 980 1076 i.
995 1046 1037 1087 q.
1053 1035 1094 1076 αἱ
1113 1033 1256 1076 δώδεκα
1268 1033 1452 1088 μηχαναὶ
1468 1033 1663 1092 Κυρήνης.

179 1107 349 1138 cnam.
1451 1104 1454 1110 “

471 1173 500 1204 ’²¹‘
527 1173 882 1225 ΠΟΡΝΙΚΟΣ,
912 1173 1092 1218 MERE
1102 1173 1354 1220 TRIGIUS.

199 1256 253 1301 In
272 1258 436 1310 οἴκημα,
464 1258 666 1361 ΖἝαηαν,
698 1272 836 1315 quam
868 1273 1019 1303 vocem
1054 1258 1350 1303 Athenienses
1383 1273 1467 1317 pro
1503 1264 1670 1320 πορνεῖον

142 1322 430 1373 usurparunt.
548 1320 654 1362 lian.
674 1318 777 1362 Var.
800 1317 919 1361 Hist.
954 1319 1031 1360 lib.
1065 1319 1125 1361 vi.
1160 1334 1198 1362 c.
1225 1319 1259 1360 1.
1290 1317 1377 1361 Τάς
1411 1336 1454 1361 τε
1484 1322 1668 1371 ’γυναῖκας

141 1380 218 1418 τῶν
250 1375 494 1421 Παλληνέων
525 1377 590 1420 καὶ
624 1376 697 1419 τοὶς
729 1376 949 1433 θυγατέρας
969 1378 1030 1418 ἐπ’
1062 1376 1274 1426 οἰκήματος
1296 1378 1474 1421 ἔστησαν.
1533 1376 1666 1421 Plene

144 1437 213 1477 est
247 1436 366 1490 apud
406 1433 541 1478 LXX.
592 1434 814 1479 Ezechiel.
850 1435 943 1477 xvi.
981 1433 1054 1478 24.
1118 1433 1203 1477 Καὶ
1238 1435 1483 1492 ᾠκοδόμησας
1521 1440 1666 1492 σεαυτῇ

140 1491 288 1542 οἴκημα
321 1495 509 1551 πορνικὸν.
544 1507 587 1536 v.
627 1492 953 1548 Harpocration
991 1496 1037 1535 et
1071 1491 1321 1548 Hesychius
1354 1494 1403 1535 in
1435 1506 1478 1536 v.
1503 1492 1662 1543 οἴκημα.

141 1549 361 1594 Sci-iwan.
422 1550 570 1595 Etiam
602 1553 674 1595 hic
709 1555 777 1594 est
809 1550 1063 1594 Atticorum
1095 1551 1317 1600 ἀστεϊσμὸς,
1346 1564 1478 1604 quem
1513 1552 1666 1605 hujus*

141 1609 262 1710 rsnodi
285 1611 454 1667 ellipsis
487 1612 620 1668 plane
647 1609 823 1654 evertit.
884 1608 1015 1653 Conf.
1045 1622 1144 1663 quae
1176 1610 1232 1651 ad
1260 1623 1299 1653 v.
1330 1609 1462 1667 Πόρνη
1494 1609 1665 1652 monui.

177 1681 347 1711 cunr.

600 1749 627 1778 *
658 1747 868 1799 ΠΟΣΙΣ,
900 1746 1199 1793 MARITUS.

197 1830 250 1933 1211
288 1833 465 1891 κουρίδιος
511 1833 713 1877 absolute
750 1831 900 1887 posito
951 1832 1073 1889 apud
1115 1830 1362 1875 Homerum
1407 1829 1564 1887 Odyss.
1610 1829 1668 1873 O.

141 1903 183 1933 v.
203 1896 212 1909 ⁶
233 1891 276 1933 2.

314 1949 476 1992 Παίδων
493 1949 532 1992 δὲ
551 1951 744 2006 προτέρων
760 1946 825 1989 καὶ
846 1947 1036 2005 κουριδίοιο
1056 1949 1178 2003 φίλοιο

315 2005 467 2049 Οὐκέτι
486 2010 682 2058 μέμνηται
704 2005 923 2056 τεθνηότος,
944 2006 1026 2048 οὐδὲ
1045 2013 1250 2062 μεταλλᾷ.

140 2063 277 2106 Plene
296 2064 431 2107 habet
452 2067 567 2107 idem
588 2064 713 2107 Iliad.
744 2063 792 2106 E.
827 2078 870 2107 v.
907 2063 1008 2107 414.
1045 2063 1240 2122 Κουρίδιον
1259 2063 1450 2107 ποθέουσα
1467 2065 1589 2107 πόσιν.
1619 2066 1666 2107 et

142 2120 300 2178 odyss.
318 2122 373 2164 Ψ.
395 2123 498 2170 150.

313 2180 516 2234 Σχετλίη,
535 2180 611 2222 οὐδ’
629 2181 728 2224 ἕτλη
748 2180 874 2223 πόσιος
887 2180 930 2222 οὗ
948 2178 1137 2236 κουριδίοιο

313 2236 502 2296 Εἰρυσθαι
522 2241 629 2288 μέγα
649 2238 777 2287 δῶμα.
1583 2250 1588 2255 ’

141 2294 360 2338 ScHWEB.
397 2297 521 2355 Ἀνὴρ
544 2296 718 2339 additur
740 2295 870 2341 Hom.
893 2293 1056 2350 Hymn.
1089 2296 1136 2337 in
1159 2293 1307 2339 Cei-er.
1327 2310 1366 2338 v.
1392 2295 1486 2345 136.
1549 2294 1665 2338 Δοῖεν

140 2353 342 2409 κουριδίους
377 2353 527 2411 ἄνδρας.
556 2355 670 2408 quod
706 2355 910 2397 imitatur
941 2353 1166 2396 Lucianus
1185 2358 1220 2396 t.
1242 2356 1271 2396 i.
1291 2368 1336 2410 p.
1364 2353 1460 2396 178.
1491 2347 1664 2410 κουὲίδιον

140 2409 258 2510 581vaoe
278 2412 341 2453 τὸν
368 2416 521 2458 ἑαυτῆς.
552 2411 655 2455 Vid.
679 2411 858 2456 Bastius
877 2411 1019 2468 Epist.
1042 2410 1154 2454 Crit.
1186 2413 1242 2454 ad
1264 2411 1466 2455 Boisson.
1498 2425 1542 2468 p.
1569 2409 1661 2454 188.

179 2483 373 2514 GHAEF.·

521 2545 547 2574 *
577 2543 893 2594 ΠΟΣΟΤΗΣ,
925 2542 1098 2593 QUAN
1102 2543 1165 2587 TI
1171 2543 1293 2587 TAS.

200 2627 330 2671 Hanc
361 2642 511 2672 vocem
544 2630 753 2671 subaudit
793 2627 975 2671 Graecus
1008 2627 1277 2670 Scholiastes
1311 2628 1361 2670 in
1400 2627 1505 2669 τόσον
1545 2625 1664 2680 apud

139 2685 422 2742 Apollonium
453 2687 699 2742 Argonaut.
715 2687 792 2729 lib.
815 2688 842 2728 i.
864 2700 952 2729 ver.
975 2686 1071 2728 731.
1093 2687 1172 2728 ubi
1193 2687 1258 2728 ita
1279 2686 1441 2728 habet:
1475 2682 1537 2726 ἐπὶ
1551 2685 1663 2725 ποσό-

138 2761 258 2790 τητος
273 2746 396 2798 τόσον,
429 2745 454 2791 ἢ
488 2745 550 2787 ἐπὶ
570 2744 776 2795 θαύματος
803 2751 992 2787 τοσοῦτον.
1053 2742 1156 2786 Vid.
1179 2757 1221 2786 v.
1243 2748 1395 2800 μέτρον.
1445 2740 1661 2783 SCHWEB.

138 2801 243 2846 Non
255 2803 464 2846 subaudit
474 2803 754 2855 scholiastes,
768 2803 845 2845 sed
862 2804 967 2846 τόσον
981 2803 1057 2845 illo
1072 2802 1168 2845 loco
1187 2802 1314 2845 docet
1327 2800 1516 2855 intelligi
1533 2812 1661 2856 posse

139 2861 195 2904 de
214 2862 410 2906 ποσότητι.
443 2860 650 2904 SCHAEF.
1337 2884 1339 2889 ’

267 2984 286 3029 ,⁶
309 2985 426 3026 Πέντος,
445 2992 576 3030 pontus,
590 2998 694 3028 mare,
716 2987 829 3022 deficit
844 2987 877 3021 in
893 2986 907 3019 ὅ
922 2985 1046 3033 Ἀδςῖοις,
1069 2987 1183 3022 Actor.
1197 2983 1304 3021 xxvii.
1320 2986 1375 3019 27.
1398 2983 1518 3019 Mma.
