1838 3164
218 116 275 163 4ο
595 115 911 167 PLEONAsm
941 113 1330 167 PRONOMINUM.

226 233 322 277 128.
352 237 541 286 βούλομαι
570 267 580 278 .
599 268 610 279 .
630 267 642 281 .
663 239 817 281 ἀκοῦσαι
845 244 910 282 σοῦ
933 244 1050 281 αὐτοῦ
1069 238 1218 280 διιόντος
1249 237 1302 279 τοὶ
1332 235 1513 279 ἐπίλοιπα
1533 250 1545 279 ;·
1585 233 1642 279 Te
1659 231 1726 293 ip-

219 305 314 335 sum
341 292 591 348 (Socrates),
617 296 761 349 inquit
795 296 1005 350 Gorgias,
1038 296 1132 339 volo
1164 293 1318 337 audire
1346 299 1482 336 cetera
1511 291 1725 350 explican-

223 356 306 394 tem
341 351 386 393 h.
407 364 447 394 e.
468 357 518 394 ut
537 358 584 395 tu
605 354 725 395 solus
755 357 801 395 et
830 357 1042 408 perpetua
1073 355 1273 395 oratione
1304 351 1570 395 sententiam
1600 356 1726 394 tuam

221 420 431 463 exponas,
453 422 539 452 non
558 412 870 464 interrogando
901 415 946 453 et
966 411 1271 467 respondendo
1290 410 1402 454 alios
1421 422 1473 451 eo
1492 408 1725 464 perducas,

219 470 271 509 ut
292 466 336 509 id
356 467 603 521 proferant,
629 469 746 521 quod
779 469 863 510 tibi
900 481 1048 512 verum
1071 470 1271 512 videtur.
1330 465 1564 522 Perpetem
1591 466 1728 520 igitur

219 521 364 567 Schol.
385 526 492 569 min.
513 525 571 567 ad
602 524 759 579 Odyss.
780 526 839 569 Δ.
860 525 960 568 244.
981 528 1035 570 ad
1070 528 1182 571 αὑτόν
1203 544 1268 574 μιν
1307 523 1468 581 (ipsum
1485 525 1548 580 se)
1568 524 1631 566 sic
1650 523 1727 566 ha}-

218 580 324 624 bet:
377 581 440 623 δύο
474 582 759 631 ἶσοδυναμοῖισαι
796 585 1027 632 ἀντωνυμίαι
1073 584 1156 626 ἀντὶ
1206 585 1298 632 μιᾶς
1335 582 1727 639 παραλαμβάνοντα.

219 635 348 682 Prius
380 639 504 688 illud,
539 642 653 682 αὑτόν
672 640 902 693 gravitatis
922 653 1055 685 causa
1089 645 1155 686 est
1184 642 1400 689 additum,
1431 640 1725 692 declaratque,

222 700 379 750 sponte
413 695 618 752 Ulyssem
651 699 727 739 illa
762 698 881 741 mala
909 699 1109 744 subiisse.
1181 697 1298 741 Nam
1331 698 1449 752 quod
1484 696 1728 750 Hesychius

215 758 264 796 et
281 758 433 799 auctor
452 753 741 809 Etymologici
773 754 948 810 Magni,
986 757 1151 811 aliique
1183 760 1287 798 vet-t.
1320 755 1609 800 Grammatici
1634 757 1726 797 tra-

217 811 345 862 dunt,
364 812 431 862 μῖν
451 814 697 867 significare
717 813 849 861 αὐτὸν,
870 813 992 857 αὐτὴν
1011 819 1056 857 et
1075 814 1188 862 αὐτὸ,
1216 826 1271 855 eo
1290 814 1402 855 nihil
1421 813 1540 856 aliud
1561 811 1727 865 signifi-

201 867 337 919 ‘cant,
366 883 499 923 quam
529 870 648 924 quod
677 871 724 912 in
757 869 898 924 Etym.
934 872 1094 914 diserte
1121 872 1299 919 dicitur,
1330 870 1440 915 illud
1471 883 1568 914 esse
1593 870 1725 925 τρίτου

217 930 430 982 προσώπου,
451 929 540 969 Sive
561 928 589 968 i.
611 942 654 982 q.
674 930 820 977 ἐκεῖνον,
855 930 1009 978 ἐκείνην,
1043 932 1168 971 ἐκεῖνο.
1228 928 1371 969 Affine
1402 925 1639 971 Homerico
1658 931 1726 970 ΒΕ

219 985 327 1026 illud
350 983 564 1027 Herodoti
586 986 633 1027 ii.
672 984 766 1027 lOO.
799 987 920 1030 αὑτήν
942 1004 1021 1034 μιν,
1055 989 1104 1028 ὡς
1137 990 1250 1028 τοῦτο
1277 984 1496 1040 ἐξέργαστο,
1531 984 1644 1039 ῥίψαι
1674 985 1727 1024 εἷς

217 1041 362 1088 οἴκημα
379 1043 516 1084 σποδοῦ
535 1045 677 1094 πλέονι
711 1045 753 1084 h.
778 1056 814 1084 e.
853 1057 944 1085 eam
975 1042 1094 1099 (μὶν),
1159 1050 1351 1100 ostquam
1382 1041 1431 1084 id
1458 1039 1724 1099 perfecisset,

213 1113 256 1140 se
288 1098 447 1155 (αὐτὴν)
483 1098 774 1157 praecipitasse
801 1099 850 1142 in
880 1101 1075 1144 conclave
1097 1058 1274 1160 squillis
1306 1099 1490 1158 plenum.
1571 1097 1725 1146 Pueris

213 1157 350 1198 etiam
370 1158 479 1200 talia
497 1158 616 1202 clara
636 1171 731 1199 esse
751 1158 925 1201 debent.

269 1214 313 1258 3.
346 1212 578 1257 Genitivus
598 1227 770 1270 quoque
793 1217 925 1271 huJus
955 1218 1230 1272 pronominis
1259 1214 1724 1272 additus'possessivis

211 1283 370 1315 vacare
389 1273 576 1315 videtur.
638 1272 750 1316 Plat.
774 1274 949 1318 Menex.
966 1289 1010 1331 p.
1032 1274 1104 1317 48.
1121 1276 1188 1317 ed.
1210 1274 1441 1317 Gottleber
1459 1287 1469 1314 :
1499 1271 1726 1329 Τῇ-ἦμετέ-

210 1347 261 1387 ρᾳ
276 1333 402 1372 αὐτῶν
430 1330 586 1386 διαφορᾷ
606 1330 889 1387 ἐκρατήθημεν,
920 1329 1066 1375 nostra
1093 1332 1284 1389 ipsorum
1304 1329 1522 1374 discordia
1534 1329 1641 1373 victi
1657 1343 1725 1371 su-

211 1400 318 1429 mus.
389 1387 509 1432 Nos:
561 1387 691 1431 durch
724 1402 850 1431 unsre
880 1389 1004 1447 eigne
1034 1387 1349 1446 Mislzelligkez't
1379 1394 1458 1431 etc.
1551 1387 1724 1431 Similia

212 1449 318 1489 sunt
335 1442 467 1488 Isocr.
491 1444 654 1500 Paneg.
685 1461 722 1488 c.
742 1446 813 1488 31.
835 1452 879 1488 et
898 1447 972 1489 37.
1003 1446 1190 1503 Thucyd.
1214 1449 1242 1488 i.
1273 1446 1316 1488 5.
1335 1449 1380 1488 et
1400 1447 1467 1488 iii.
1488 1443 1557 1488 43.
1618 1444 1722 1496 Sed,

211 1507 263 1545 ut
283 1504 426 1553 video,
450 1504 521 1547 hic.
540 1517 645 1545 usus
660 1505 753 1558 Jam
775 1518 802 1546 a
833 1503 1028 1547 Posselio
1065 1507 1111 1547 in
1147 1505 1328 1559 Syntaxi
1353 1503 1430 1546 Gr.
1451 1504 1724 1546 demonstra-

210 1564 285 1604 tus
303 1565 384 1604 est.
443 1560 579 1605 Addit
597 1567 747 1604 autem
769 1564 992 1616 genitivus
1027 1566 1160 1614 αὑτοῦ,
1194 1566 1330 1611 αὐτῆς,
1364 1564 1489 1603 αὐτῶν
1524 1574 1612 1603 non
1631 1561 1722 1604 exi-

208 1632 342 1672 guam
363 1619 452 1660 vim
486 1620 761 1661 antecedenti
783 1621 1047 1674 possessivo,
1075 1624 1119 1661 et
1150 1620 1341 1674 graviter
1361 1623 1599 1668 asseverat,
1633 1631 1722 1663 non

208 1678 321 1719 allus
340 1690 436 1720 esse
456 1690 563 1734 rem,
581 1678 697 1731 quod
718 1677 805 1719 dici
826 1683 902 1719 aut
925 1679 1065 1720 soleat
1080 1675 1160 1720 aut
1177 1679 1335 1733 possit,
1351 1677 1428 1719 sed
1449 1678 1544 1733 ejus
1564 1676 1720 1737 ipsius,

205 1735 281 1788 qui
301 1736 547 1790 possessivo
566 1749 690 1790 pron.
722 1735 1011 1790 significatur.
1099 1741 1103 1746 ”
1644 1747 1651 1759 ·’

263 1792 306 1835 4.
338 1791 502 1834 Eadem
522 1794 589 1834 vis
609 1797 675 1834 est
697 1793 742 1834 in
764 1792 845 1834 hoc
867 1792 1065 1836 Platonis
1084 1807 1094 1835 ε
1127 1792 1195 1836 Οὐ
1214 1793 1288 1849 γὰρ
1316 1792 1363 1838 δή
1393 1809 1466 1835 που
1495 1792 1573 1834 οὐδ’
1588 1794 1724 1835 ἐκεῖνος

207 1850 279 1893 τὴν
298 1855 595 1906 προστυχοῦσαν
614 1853 791 1902 γυναῖκα,
824 1851 905 1893 οὐδὲ
927 1852 996 1895 τὴν
1018 1854 1165 1894 ὁτουοῦν
1184 1853 1336 1907 μητέρα
1356 1850 1523 1892 διενοεῖτο
1544 1852 1723 1891 ἀποκτεῖ-

209 1925 279 1961 ναι,
299 1908 407 1949 α’λλοὶ
437 1909 507 1951 τὴν
539 1908 655 1950 αὐτὸς
690 1910 822 1951 αὑτοῦ.
884 1909 1026 1952 Alcib.
1063 1910 1112 1950 ii.
1146 1910 1230 1952 vol.
1262 1922 1302 1951 V.
1336 1922 1381 1963 p.
1417 1907 1488 1949 88.
1546 1907 1724 1953 Similia

207 1966 303 2007 loca
324 1978 412 2007 non
432 1965 574 2008 habeo
595 1970 765 2007 notata.
827 1965 941 2009 Puto
962 1972 1128 2015 autem,
1166 1968 1230 2008 ita
1250 1966 1512 2008 collocatum
1531 1968 1576 2006 et
1596 1979 1721 2007 usur-

207 2027 364 2079 patum
390 2037 484 2065 esse
519 2024 652 2072 αὐτὸς,
675 2024 781 2077 quia
815 2037 901 2066 non
934 2025 1155 2067 habebant
1187 2024 1478 2080 possessivum
1516 2023 1722 2078 populari

206 2094 407 2124 sermone
426 2082 600 2127 tritum,
623 2095 711 2135 quo
731 2083 1051 2136 exprimeretur
1070 2095 1185 2130 ὅπως,
1203 2080 1276 2123 cler
1288 2080 1468 2137 sez'nige.
1527 2078 1644 2124 Nam
1664 2080 1724 2123 ἑὸς

206 2145 272 2182 est
295 2140 484 2194 priscum
515 2143 561 2184 et
593 2140 832 2194 poeticum,
853 2145 904 2183 ut
925 2144 969 2182 et
988 2143 1175 2195 σφέτερος,
1193 2140 1245 2180 de
1265 2152 1354 2194 quo
1369 2140 1456 2180 vid.
1479 2137 1648 2194 Spanh.
1665 2139 1722 2180 ad

208 2194 381 2241 Gallim.
406 2195 466 2239 H.
486 2198 534 2240 in
554 2196 732 2245 Delum,
752 2196 851 2239 233.

264 2255 304 2296 5.
338 2254 451 2297 Cum
480 2253 573 2296 καθ’
608 2254 722 2299 αὑτὸν
758 2256 818 2296 sit
848 2253 1039 2304 seorsim,
1064 2253 1215 2303 solum,
1244 2254 1479 2312 sejunctum
1514 2251 1565 2295 ab
1603 2251 1720 2303 alz'z'S,

207 2314 480 2369 praeponitur
500 2313 745 2367 saepissime
766 2313 898 2362 αὐτὸς,
933 2314 1047 2367 quod
1083 2317 1127 2354 et
1155 2313 1299 2367 ipsum
1331 2316 1398 2353 est
1418 2309 1543 2362 solus,
1564 2312 1621 2352 ad
1641 2312 1720 2354 im·

205 2371 482 2426 primendam
504 2371 656 2412 lectori
680 2376 723 2412 et
745 2372 1048 2413 inculcandam
1064 2371 1192 2424 quasi
1210 2367 1461 2412 solitudinis
1481 2370 1721 2421 notionem,

205 2433 256 2471 ut
277 2429 399 2470 nulla
427 2429 608 2471 omnino
640 2433 865 2471 remaneat
895 2430 1179 2482 ambiguitas
1241 2426 1359 2469 Nam
1393 2439 1466 2480 ap.
1494 2425 1720 2471 AElianum

205 2486 262 2529 V.
283 2483 341 2526 H.
363 2486 426 2528 xi.
454 2486 487 2527 1.
519 2489 636 2527 recte
656 2492 699 2527 et
718 2486 828 2527 satis
858 2487 975 2528 clare
996 2486 1156 2528 dicitur
1177 2483 1469 2526 Horicadm'us
1502 2485 1719 2530 invenisse

200 2555 353 2602 perse,
372 2548 418 2586 et
438 2544 559 2584 nullo
588 2543 786 2592 docente,
818 2557 956 2594 genus
986 2545 1114 2586 luctae
1145 2542 1318 2591 Siculae,
1351 2539 1444 2582 καθ’
1475 2540 1607 2584 ἑαυτὸν
1640 2541 1719 2586 ἐτι-

205 2603 340 2647 νοήσας
359 2605 441 2642 eto.
465 2602 548 2642 etsi
569 2614 655 2642 non
676 2602 963 2655 praemittitur
983 2602 1098 2642 αὐτὸς
1116 2614 1125 2640 :
1179 2600 1254 2641 sed
1273 2603 1422 2642 tamen
1441 2599 1534 2640 fere
1557 2598 1639 2640 hoc
1654 2597 1719 2639 fit.

207 2659 321 2703 Plat.
345 2657 489 2701 Phaed.
521 2671 563 2714 p.
592 2657 685 2700 146.
717 2658 780 2698 καὶ
799 2656 886 2700 εἶναι
907 2663 1019 2700 τοῦτο
1039 2656 1230 2705 τεθνάναι,
1261 2656 1382 2712 χωρὶς
1413 2657 1483 2707 μὲν
1517 2687 1527 2696 .
1546 2685 1558 2696 .
1581 2686 1594 2696 .
1621 2655 1718 2699 αὐτὸ

209 2717 299 2761 καθ’
325 2716 439 2758 ἑαυτὸ
461 2716 504 2756 τὸ
524 2720 638 2764 σῶμα
657 2717 859 2767 γεγονέναι,
894 2716 1015 2771 χωρὶς
1050 2715 1088 2757 δὲ
1115 2715 1186 2758 τὴν
1218 2714 1362 2770 ψυχὴν
1379 2744 1389 2754 .
1416 2744 1426 2754 .
1453 2745 1463 2754 .
1486 2711 1606 2755 αὐτὴν
1626 2710 1719 2753 καθ’

209 2770 457 2872 αὒτῆν4εἶνοιι.
515 2773 589 2815 Sic
610 2778 654 2816 et
684 2774 753 2815 bis
774 2775 927 2815 eodem
958 2774 1087 2815 modo
1121 2785 1162 2828 p.
1201 2771 1293 2813 148.
1354 2769 1556 2825 Xenoph.
1580 2767 1728 2814 Mem-

208 2835 273 2878 iii.
302 2832 319 2873 1
359 2863 369 2878 ,
390 2831 432 2872 2.

265 2890 308 2934 6.
327 2887 494 2934 Utrum
513 2889 560 2932 in
588 2892 734 2945 πρῶτον
769 2891 894 2931 αὐτῶν
930 2886 1041 2931 Xen.
1075 2884 1273 2947 Mem-i.
1310 2885 1349 2937 1,
1386 2884 1450 2930 12.
1481 2884 1716 2942 peculiaris
