1838 3164
167 135 246 181 152
702 148 896 184 ELL1PSIS
917 145 1151 181 NOMINUM.

157 264 259 294 cum
295 249 566 295 Frischlinus
611 253 726 295 male
765 249 994 306 expressit.
1066 246 1269 297 Θαλαμία
1304 249 1471 294 autem,
1502 245 1669 288 subint.

161 310 292 358 κώπη,
331 314 400 352 est
436 323 593 359 remus,
626 325 707 367 quo
740 308 923 363 remiges
956 303 1099 360 infimi
1129 304 1310 354 ordinis,
1341 304 1528 351 θαλάμιοι
1556 303 1676 358 apud

162 366 341 409 Graecos
370 368 493 417 dicti,
524 367 760 410 utebantur.
830 365 1074 407 Videantur
1107 362 1352 418 Hesychius
1385 366 1430 403 et
1462 360 1674 411 Kusterus

161 423 217 464 ad
248 424 291 465 h.
323 426 350 466 l.
410 424 519 467 Item
553 425 729 468 Florens
761 422 1042 464 Christianus
1079 422 1135 463 ad
1163 421 1318 464 Pacem
1350 417 1475 462 1231.
1506 417 1672 460 LmsN.

157 479 346 534 Etymol.
364 481 443 524 .M.
465 496 499 524 c.
526 482 629 530 441,
662 482 733 524 23.
794 478 1034 526 Θαλαμίδιοι
1054 483 1195 530 κῶπαι,
1221 481 1261 521 αἱ
1286 479 1411 534 ἦρέμα
1441 478 1672 518 ἐλαύνουσαι.

156 538 232 580 Sic
260 543 304 581 et
333 539 491 582 Suidas
524 544 553 582 t.
588 541 638 581 ii.
670 553 715 593 p.
747 536 843 579 162.
905 535 1066 579 Carent
1094 535 1252 579 Lexica
1278 550 1384 578 voce
1413 533 1671 583 ἓαλαμίδιοςε

153 597 272 648 jure.
335 595 554 652 corrupta
573 601 638 639 est
667 596 800 643 enim,
821 594 1020 649 (perinde
1037 598 1088 636 ut
1117 596 1209 636 alia
1236 595 1365 650 plura
1384 594 1516 646 hujus
1544 604 1674 646 gene-

156 655 235 703 riS3
265 667 306 695 e.
338 669 376 696 c.
410 654 611 710 οἷκοιρίδιος,
643 652 844 702 ἀνεμίδιος,
873 651 1113 708 δραχμίδιος,
1140 651 1391 708 στατηρίδιος,
1421 651 1475 692 de
1512 651 1674 703 quibus

155 711 247 752 vid.
278 710 489 754 Kusterus
520 713 575 753 ad
606 711 730 752 Suid.
763 714 797 751 t.
828 711 856 751 i.
889 723 935 764 p.
966 709 1062 752 195.
1094 710 1139 751 in
1160 709 1316 753 Clerici
1338 708 1553 750 Biblioth.
1583 707 1672 749 Sel.

155 772 190 809 t.
212 766 334 811 xxiv.
355 783 400 823 p.
422 771 452 810 i.
471 783 514 824 p.
536 768 605 810 93.
630 771 673 809 et
700 767 757 809 ad
787 766 935 809 Schol.
957 768 1184 822 Aristoph.
1221 766 1303 810 Av.
1325 780 1367 809 v.
1400 765 1498 809 696.
1527 765 1670 820 Toup.

155 824 335 868 Emend.
369 831 402 868 t.
425 828 473 868 ii.
503 840 549 880 p.
577 825 697 880 422.)
725 826 1088 879 scribendumque
1116 824 1369 874 θαλαμιαῖος,
1398 824 1518 878 quod
1545 822 1674 866 Lexi-

156 883 236 932 cis,
253 897 281 925 a
300 884 454 936 quibus
472 885 579 926 item
597 884 738 933 abest,
758 887 858 924 tuto
879 884 1057 927 inferas.
1091 883 1297 926 SanEF.

213 949 235 971 ²*
267 940 484 983 Homerus
520 940 601 982 Od.
639 939 694 982 K.
732 939 828 983 130.
871 944 903 983 οἱ
933 941 974 983 δ’
1016 941 1103 989 ἅμα
1131 942 1278 983 πάντες
1307 939 1524 996 οἰνέῤῥιψαν.
1556 938 1675 990 quod

153 997 344 1053 elliptice
372 999 537 1041 dictum
567 1001 742 1053 putant.
814 999 1044 1042 Ernestius
1072 999 1250 1052 quidem
1280 999 1336 1040 ad
1364 997 1450 1038 Od.
1484 996 1541 1037 A.
1571 995 1674 1037 238.
1742 1006 1752 1015 ”

154 1058 330 1110 supplet
360 1057 516 1111 ἐρετμά.
577 1055 719 1098 Possis
750 1056 858 1098 item
889 1059 1023 1098 κώπας
1051 1056 1302 1103 subaudire,
1342 1058 1387 1097 et
1416 1065 1673 1108 comparare

140 1112 225 1153 -τοὶς
240 1115 372 1154 κώπας
401 1115 604 1170 ἀναφέρειν,
626 1115 680 1155 de
701 1127 791 1168 quo
810 1114 899 1156 vid.
922 1113 1155 1156 Villoison.
1186 1114 1242 1155 ad
1262 1111 1406 1166 Longi
1438 1110 1608 1153 Pastor.
1625 1124 1672 1166 p.
1740 1135 1745 1141 ’

158 1168 252 1211 196.
276 1183 336 1223 sq.
395 1170 482 1212 Sed
498 1173 591 1225 jam
607 1171 804 1228 Toupius
826 1171 1007 1214 Emend.
1030 1174 1075 1214 in
1097 1172 1221 1213 Suid.
1242 1175 1276 1213 t.
1296 1172 1361 1212 iii.
1393 1183 1438 1225 p.
1460 1168 1532 1211 30.
1553 1169 1674 1211 faeta

150 1228 474 1282 comparatione
517 1230 706 1271 aliorum
743 1229 948 1284 Odysseae
987 1232 1195 1278 locorum,
1235 1229 1463 1283 legendum
1505 1227 1677 1269 monuit

152 1286 184 1325 οἳ
204 1283 237 1324 ’δ’
258 1285 339 1327 ἅλα
382 1301 427 1327 π.
461 1289 530 1328 ὡς
561 1287 760 1341 hancque
789 1289 1139 1330 emendationem
1169 1286 1445 1329 Scholiorum
1473 1283 1675 1327 Harleia-

157 1355 315 1384 norum
340 1345 599 1389 auctoritate
621 1358 763 1400 nuper
777 1346 1048 1388 confirmavit
1067 1345 1284 1388 Porsonus
1298 1358 1344 1402 p.
1363 1343 1436 1387 38.
1457 1344 1501 1387 b.
1518 1344 1564 1386 in
1582 1345 1674 1385 tex-

151 1403 248 1444 tum
265 1413 381 1444 nunc
399 1402 546 1458 ipsum
566 1403 748 1448 admisit
761 1402 961 1447 Wolfius.
991 1403 1193 1447 Souann-

882 1632 940 1678 A.

551 1791 578 1819 *
599 1788 878 1840 ΛΑΓΑΝΛ,
909 1786 1274 1834 PLACENTAE.

213 1881 379 1931 Λάγανοι
393 1881 652 1925 subauditur
672 1885 720 1926 in
740 1883 794 1925 ταὶ
813 1882 965 1940 ἄζυμα,
985 1883 1032 1925 in
1052 1882 1180 1925 Novo
1201 1880 1477 1923 Testamento
1497 1882 1677 1935 passim,

157 1941 318 1982 collata
338 1942 539 1984 versione
560 1942 972 1998 septuagintavirali
993 1941 1039 1983 in
1056 1945 1188 2001 nim
1207 1927 1361 1997 Πηίῃζῑ.
1383 1937 1535 1980 M1c11.

643 2039 666 2062 κε
687 2038 959 2089 ΛΑΓΩΟΣ,
981 2027 1191 2082 LEPUS.

218 2136 270 2180 In
290 2137 419 2188 πτὼξ,
440 2139 557 2194 apud
587 2140 770 2183 Suidam
801 2143 998 2196 aliosque
1031 2143 1201 2183 ἐλλιπῶς
1232 2140 1388 2195 posito.
1450 2136 1585 2181 Plene
1613 2143 1681 2182 est

163 2196 281 2250 apud
303 2195 546 2238 Homerum
575 2197 702 2240 Iliad.
739 2198 795 2241 X.
817 2201 918 2243 310.
948 2204 1090 2242 «πτῶκα
1117 2200 1283 2247 λαγωόν.
1327 2197 1543 2239 Scnwnss.
1603 2195 1683 2239 Di-

163 2255 277 2295 citur
297 2254 352 2294 de
371 2256 528 2306 quovis
550 2257 730 2298 animali
760 2259 939 2300 timido:
973 2271 1075 2300 nam
1094 2259 1159 2298 est
1186 2255 1297 2311 παρὰ
1317 2254 1362 2295 τὸ
1394 2255 1599 2302 πτώσσειν,
1630 2260 1682 2298 ut

162 2323 431 2365 synonymon
479 2311 600 2366 πτσὶξ,
643 2316 758 2366 quod
797 2315 1048 2366 Schiitzius‚
1089 2317 1312 2369 praeeunte
1350 2312 1514 2354 editore
1554 2310 1683 2354 Glas-

163 2369 340 2421 guensi,
369 2367 574 2422 AEschylo
611 2370 765 2424 Agam.
802 2387 842 2413 v.
877 2374 971 2416 137.
1003 2374 1049 2414 in
1079 2372 1240 2414 minori
1269 2371 1458 2412 editione
1487 2370 1681 2412 vindica-

163 2427 247 2474 Vit,
291 2426 403 2481 παρὰ
446 2425 491 2467 τῦ
537 2428 731 2472 πτήσσειν.
792 2430 1063 2486 Hesychius:
1098 2429 1298 2471 ’Πτῶκες.
1350 2427 1478 2468 δειλοί.
1520 2429 1681 2476 λαγωοί.

99 2533 101 2536 ι
165 2482 354 2539 δορκάδες.
391 2483 538 2537 ἔλαφοι.
575 2487 707 2540 νεβροί.
780 2487 937 2532 Obiter
970 2489 1194 2532 videamus
1223 2485 1537 2528 Philostratum
1563 2483 1681 2528 Icon.

161 2541 214 2582 ii.
255 2540 299 2582 2.
334 2553 378 2596 p.
414 2540 515 2583 812.
547 2546 741 2584 κολακεύει
772 2544 809 2587 δὲ
846 2547 1000 2589 αὖτόνὸ
1036 2545 1200 2602 Χείρων,
1231 2542 1302 2585 οἷον
1337 2545 1490 2592 λέοντα,
1515 2547 1682 2586 πτῶκας

165 2599 361 2652 ἁρπάζειν,
382 2597 447 2638 καὶ
472 2602 612 2654 νεβροῖς
631 2602 909 2649 συμπέτεσὲαι.
969 2603 1134 2646 Mirum
1154 2604 1380 2656 negotium
1411 2601 1481 2643 leo
1511 2602 1682 2656 lepores

164 2659 210 2696 et
239 2655 446 2697 hinnulos
473 2658 684 2699 currendo
714 2663 907 2703 sectans:
938 2662 1080 2717 magis
1110 2662 1242 2703 etiam
1265 2659 1683 2712 mirum-negotium

163 2712 357 2754 Achilles
379 2714 457 2754 tali
491 2714 538 2755 in
568 2728 614 2756 re
644 2716 760 2758 leoni
792 2720 990 2761 collatus.
1050 2718 1117 2767 Id,
1139 2719 1312 2772 opinor,
1333 2716 1522 2758 sentiens
1553 2715 1680 2758 Valc-

164 2770 381 2812 kenarius
406 2770 462 2811 ad
491 2770 701 2814 Herodot.
738 2787 782 2827 p.
819 2774 917 2824 650,
959 2777 1026 2818 lO.
1071 2777 1375 2829 corrigendum
1410 2775 1581 2815 censuit
1609 2771 1681 2815 οῖόν

164 2827 345 2869 τε·ἷ3ντα.
375 2825 590 2880 Equidem
617 2831 814 2885 suspicor
847 2833 916 2874 οῖον
952 2833 1087 2876 θέοντα
1117 2851 1192 2875 ww.
1228 2835 1268 2873 ἀι
1331 2831 1549 2885 Compara
1578 2830 1684 2885 Tyr-

162 2889 294 2927 taeum
318 2886 382 2926 iii.
413 2899 454 2926 v.
493 2886 536 2927 4.
569 2888 678 2942 νικῴη
706 2886 743 2929 δὲ
778 2888 873 2930 θέων
903 2889 1082 2945 Θρηΐκιον
1111 2894 1254 2946 βορέην.
1325 2889 1418 2943 (Sic
1448 2887 1683 2942 Dionysius

165 2941 268 2989 Hal.
290 2942 396 2986 Aut.
419 2942 546 2986 Rom.
571 2948 604 2987 t.
627 2947 656 2988 i.
680 2959 724 3001 p.
746 2946 847 2990 370.
879 2949 1082 3003 γεωργικὸς
1101 2949 1209 3004 ἀνὴρ,
1232 2946 1297 2990 καὶ
1317 2946 1378 2990 τὸν
1397 2947 1477 2996 βίον
1503 2947 1682 3005 ἀνεπίλη-
