1838 3164
220 132 276 184 66
643 132 965 183 PLsoNAsMI
991 135 1308 186 VERBoRUM.

223 247 274 296 ὦς
293 247 484 303 διαξβαλίὗν
501 247 553 299 αδίῗι
575 247 745 312 Ῐέ’ρχ,εται
780 260 832 300 εἷς
863 257 906 299 τὸ
933 257 1191 314 δικαστήριοντ
1224 262 1268 299 et
1297 269 1339 313 p.
1364 255 1463 299 263.
1496 248 1608 298 οἶσθα
1630 253 1726 310 «γὰρ,

225 311 251 353 ἃ
280 307 617 361 ἦλθονδγγελῶν.
679 313 728 356 In
766 316 833 357 his
864 315 1046 370 ἔρχεσθαι
1083 330 1167 357 non
1190 315 1296 357 facit
1315 315 1595 370 periphrassin
1625 322 1725 354 (mm

225 370 544 423 significatione
578 372 764 414 aetionis
805 374 1027 421 instantis,
1049 375 1122 415 sed
1160 375 1381 427 propriam
1413 374 1500 414 vim
1529 366 1731 413 veniendi

226 427 376 482 habet,
394 432 440 469 et
459 431 523 468 est
543 431 834 472 necessarlum
868 429 922 469 ad
951 432 1178 473 sententiae
1209 431 1520 484 integritatem,
1553 428 1729 484 praeten-

225 494 360 582 qufam
372 485 488 538 quod
507 488 735 540 posteriori
755 489 850 529 loco
863 488 1002 528 simile
1015 488 1166 530 haberi
1185 493 1329 543 potest
1350 494 1403 544 τῷ
1419 487 1532 536 ἥκειν,
1549 486 1604 527 de
1639 493 1728 538 quo

227 542 274 582 in
298 555 359 584 ra.

274 598 320 640 2.
354 599 455 640 Alia
475 601 641 644 scilicet
674 615 743 644 res
772 605 855 649 est,
874 601 950 643 ubi
981 600 1182 644 veniendi
1214 603 1335 645 notio
1356 606 1515 658 praeter
1543 610 1635 643 rem
1655 610 1726 641 ac-

219 657 350 698 cedit.
391 661 394 665 ’
411 655 535 700 Facit
550 659 755 700 enimhoc
773 658 994 700 diversum
1014 672 1040 700 a
1057 662 1268 714 superiori
1288 670 1523 712 verumque
1533 660 1727 714 pleonas-

224 723 361 755 mum.
422 714 577 770 Odyss.
601 716 655 756 O.
687 715 778 758 158.
812 730 846 758 s.
880 719 928 758 ὡς
948 716 1058 772 παρὰ
1080 719 1154 756 σεῖο
1180 717 1312 771 τυχῶν
1348 719 1555 771 φιλότητος
1577 715 1729 757 ἀπάσης

221 770 403 826 ἔρχομαι.
464 769 515 814 In
538 774 606 816 his
627 775 816 828 simplex
846 776 1044 816 narratio
1077 787 1158 828 pro
1192 775 1326 828 τυχὼν
1356 776 1522 830 ’ἔρχομαι
1555 776 1728 814 tantum

221 831 366 882 poscit
383 831 540 883 ἔτυχον.
598 830 773 873 Similia
807 835 909 873 sunt
939 830 1089 886 Eurip.
1128 831 1280 873 Phoen.
1321 831 1385 873 15.
1421 829 1514 872 145.
1543 833 1590 871 et
1623 826 1724 871 295..

219 884 462 940 Elegantiae
483 888 698 929 rationem
719 901 953 942 cognoscas
974 901 998 929 e
1019 888 1229 930 Praemon.
1251 889 1305 930 de
1320 889 1479 930 verbis.

278 944 320 985 3.
352 944 590 986 Peculiaris
625 946 905 988 abundantiae
924 951 990 988 est
1015 947 1300 1001 participium
1340 944 1476 986 ἐλθών.
1533 937 1726 997 Thucyd.

220 1002 295 1042 vii.
317 1001 382 1043 73.
414 1006 605 1050 ἐστινεῖται
639 1002 760 1044 ἐλθὼν
783 1007 862 1044 τοῖς
892 1006 928 1045 ἐν
949 1006 1050 1044 τέλει
1081 1002 1189 1044 οὖσιν.
1252 1002 1447 1057 Xenoph.
1479 1001 1578 1057 Cyri
1610 999 1727 1042 Disc.

219 1059 267 1100 ii.
301 1058 343 1106 2,
377 1058 418 1099 6.
453 1058 576 1100 ἐλθὼν
613 1059 800 1102 ἐδίδασκον
836 1061 895 1102 ἕνα
931 1061 1066 1114 λόχον.
1127 1061 1355 1114 Significat
1384 1061 1603 1101 actionem
1637 1059 1732 1099 sine

218 1127 344 1157 mora
377 1121 639 1171 susceptam.
710 1117 827 1159 Nam
856 1119 1080 1173 participii
1113 1118 1322 1166 brevitas,
1357 1117 1444 1158 nisi
1479 1130 1547 1158 me
1579 1126 1733 1158 sensus

217 1172 351 1225 fallit,
387 1174 699 1228 cogitationem
727 1174 857 1217 affert
889 1175 1076 1216 hominis
1111 1173 1165 1217 ad
1195 1188 1286 1217 rem
1319 1175 1593 1230 propositam
1628 1184 1730 1228 pro·-

217 1231 428 1285 perantiS.
489 1229 641 1285 Itaque
672 1236 847 1275 vertunt
886 1232 1093 1274 adverbio
1123 1231 1281 1275 statim.
1351 1229 1464 1273 Illud
1499 1236 1615 1274 certe
1653 1230 1732 1270 du-

218 1286 436 1330 bitatione
455 1293 590 1338 caret,
614 1286 778 1331 Matth.
798 1292 934 1332 xxvii.
954 1289 994 1331 5.
1015 1290 1302 1344 participium
1323 1287 1520 1338 ἀπελθὼν,
1539 1288 1659 1343 (nam
1679 1285 1734 1328 de

217 1344 299 1386 hoc
321 1344 509 1399 aliisque
528 1349 800 1401 compositis,
823 1345 1000 1398 ἐξελθὼν,
1030 1347 1238 1403 παρελθὼν
1269 1347 1381 1389 idem
1403 1348 1538 1396 valet)
1565 1342 1731 1398 signifi-

216 1414 318 1443 care
339 1404 552 1443 actionem
575 1417 676 1445 mox
698 1410 961 1458 susceptam,
982 1407 1026 1444 et
1046 1418 1099 1445 ex
1120 1405 1201 1445 hoc
1232 1407 1324 1459 ipso
1346 1402 1550 1457 intelligi,
1569 1401 1730 1444 Judam

215 1470 265 1501 se
299 1459 589 1557 suspendisse,
621 1473 707 1503 non
742 1473 925 1503 moerore
959 1461 1223 1503 accelerasse
1252 1464 1452 1503 mortem.
1510 1455 1578 1501 Cf.
1613 1459 1733 1502 infra

222 1512 374 1557 IENA

807 1600 1132 1645 ΕὙΧΕΣΘΑΙ.

274 1680 537 1725 Redundare
559 1679 640 1725 hoc
659 1682 839 1725 verbum
855 1683 1026 1725 videtur
1045 1685 1300 1738 adjiinctum
1319 1685 1451 1727 verbo
1467 1683 1572 1738 εἶγαι,
1594 1684 1732 1727 maxi-

217 1750 287 1783 me
327 1751 397 1798 ap.
440 1738 714 1788 Homerum3
765 1745 817 1782 ut
857 1739 983 1783 Iliad.
1025 1738 1072 1782 Z.
1114 1741 1213 1783 211.
1244 1742 1359 1797 (coll.
1404 1743 1524 1799 215.)
1553 1747 1598 1785 et
1629 1740 1730 1786 231.

216 1799 247 1841 1.
273 1797 343 1840 60.
378 1797 533 1852 Odyss.
571 1797 624 1840 A.
652 1797 745 1839 172.
783 1798 876 1840 180.
918 1798 1009 1840 187.
1043 1797 1076 1839 Ι.
1103 1799 1199 1841 2b3.
1231 1802 1282 1842 Ξ.
1325 1799 1418 1842 199.
1449 1800 1504 1842 Ο.
1544 1798 1636 1843 196.
1668 1798 1730 1841 Π.

216 1857 317 1899 223.
381 1856 464 1898 Sed
487 1870 695 1911 perquam
731 1857 905 1898 difficile
926 1861 969 1898 et
999 1857 1213 1898 lubricum
1245 1861 1328 1906 est,
1361 1858 1626 1900 constituere
1645 1855 1735 1912 pri-

221 1928 337 1956 marn
368 1915 462 1966 ejus
495 1915 877 1967 significationem,
908 1927 934 1954 a
966 1925 1052 1966 qua
1075 1919 1247 1962 ceterae,
1272 1920 1495 1969 tamquam
1525 1929 1552 1958 a
1572 1917 1731 1970 capite,

221 1972 352 2014 facile
372 1972 523 2012 deduci
547 1973 728 2025 possint.
790 1971 906 2012 Nam
937 1972 1000 2013 ita
1038 1973 1269 2026 multiplex
1299 1974 1441 2014 fertur
1475 1975 1570 2027 ejus
1600 1974 1732 2014 inter-

218 2029 426 2085 pretatio,
456 2033 507 2069 ut
526 2040 613 2069 non
635 2040 715 2082 pro
746 2040 835 2069 uno
871 2026 1107 2082 eodemque
1128 2030 1261 2071 verbo
1280 2030 1377 2082 quis
1400 2028 1558 2072 habere
1578 2031 1734 2085 possit,

221 2087 296 2130 sed
316 2098 396 2141 pro
415 2084 583 2128 duobus
601 2087 796 2127 tribusve
817 2086 997 2127 diversae
1028 2087 1225 2140 originis.
1287 2086 1402 2129 Nam
1432 2085 1630 2143 gloriari,
1669 2085 1734 2128 di-

220 2158 326 2192 cere,
341 2143 527 2200 precari,
564 2150 705 2185 votum
727 2142 877 2200 facere
897 2145 1122 2196 aliquanto
1151 2143 1292 2197 magis
1324 2146 1526 2187 videntur
1544 2145 1660 2187 inter
1688 2156 1734 2186 se

222 2201 470 2252 dissentire,
492 2213 626 2254 quam
660 2206 710 2242 ut
731 2213 785 2241 ex
805 2213 894 2242 uno
924 2206 1070 2242 cetera
1099 2202 1273 2256 possint
1302 2201 1505 2244 derivari.
1563 2201 1649 2243 Sed
1669 2205 1732 2244 ta-

222 2272 322 2303 men
342 2263 473 2301 certae
509 2260 640 2312 huJus
672 2256 792 2299 verbi
825 2258 1166 2311 significationes
1196 2272 1282 2300 non
1316 2261 1428 2301 male
1464 2270 1732 2314 componun-

219 2322 310 2365 tur,
332 2318 369 2358 si
388 2317 612 2370 propriam
642 2315 849 2370 ponimus
877 2314 1083 2371 profiteri,
1120 2315 1231 2358 clare
1255 2315 1399 2372 eloqui
1415 2328 1429 2363 ‚·
1459 2314 1609 2358 Germ.
1641 2314 1734 2358 laut

219 2385 368 2431 gagen,
400 2372 493 2414 laut
523 2373 613 2414 und
633 2372 816 2414 deutlich
846 2372 1048 2414 erkldren.
1108 2372 1312 2422 Occurrit
1348 2375 1439 2415 haec
1469 2378 1514 2414 et
1547 2375 1591 2415 in
1625 2374 1734 2414 locis

217 2435 312 2488 Jam
343 2431 670 2482 demonstratis,
691 2436 735 2472 et
756 2429 912 2483 Odyss.
937 2433 986 2471 Ξ.
1017 2428 1114 2471 463.
1139 2430 1253 2484 (coll.
1286 2444 1415 2473 verss.
1450 2431 1588 2487 seqq.)
1613 2435 1658 2472 et
1675 2429 1730 2472 Ύ.

227 2488 317 2532 192.
398 2484 512 2528 Nam
548 2487 637 2528 haec
681 2491 726 2528 et
762 2489 850 2528 alia
883 2489 977 2529 loca
1010 2487 1303 2529 consideranti
1335 2498 1422 2530 non
1458 2493 1604 2542 potest
1639 2499 1733 2529 esse

220 2549 467 2593 obscurum,
489 2556 567 2598 pro
604 2545 793 2599 simplici
831 2543 970 2586 dicere
999 2545 1338 2586 nonadhiberi.
1402 2543 1631 2587 Gloriandi
1658 2556 1730 2586 au-

221 2609 310 2648 tem
347 2602 571 2643 notionem
607 2601 871 2643 affinxerunt
894 2615 918 2643 e
950 2603 1095 2650 rebus,
1125 2614 1220 2655 quae
1255 2615 1352 2643 eam
1393 2608 1612 2656 utcunque
1651 2602 1729 2642 aut

222 2659 353 2704 facile
372 2660 630 2707 admit-tunt,
653 2672 926 2712 nequaquam
949 2672 1050 2701 vero
1071 2661 1312 2714 postulant,
1338 2664 1388 2701 ut
1408 2658 1531 2701 Iliad.
1555 2659 1609 2701 T.
1630 2657 1730 2700 388.

222 2725 267 2762 et
281 2714 381 2761 393.
440 2715 544 2763 Sed,
573 2718 720 2770 posita
755 2719 897 2770 prima
931 2717 1007 2758 illa
1037 2718 1368 2770 significatione,
1398 2718 1472 2770 qui
1502 2720 1730 2773 precantur

223 2783 341 2820 recte
372 2773 458 2815 dici
493 2779 675 2827 possunt
707 2772 908 2827 εὔχεσθαι,
938 2779 1155 2827 quatenus
1189 2786 1338 2815 eorum
1370 2774 1503 2815 verba
1536 2783 1728 2827 'pronun-

219 2836 332 2878 tiata
351 2836 634 2886 opponuntur
657 2833 800 2873 tacitae
834 2832 1066 2885 cupiditati
1090 2832 1181 2873 sive
1200 2832 1417 2873 desiderio
1442 2831 1507 2872 rei
1538 2835 1726 2884 optatas:

219 2892 443 2942 multoque
463 2889 621 2941 magis,
653 2890 727 2941 qui
756 2895 854 2930 vota
867 2888 1049 2945 faciunt
1069 2903 1083 2929 :
1113 2900 1215 2930 nam
1247 2890 1336 2930 haec
1365 2888 1730 2942 nuncupabantur

217 2949 336 2994 clara
354 2956 475 2996 voce,
495 2946 651 3002 saepius
672 2947 781 2989 adeo
806 2958 886 3001 per
903 2958 1159 3006 praeconem,
1193 2950 1237 2989 et
1267 2945 1410 2990 verbis
1429 2945 1652 3001 conceptis
1682 2943 1729 2987 in
