1838 3164
516 141 834 196 erNAsm
858 128 1106 196 PLURmM‘
1128 155 1333 198 vocum.
1613 149 1689 194 139

174 264 300 311 ἐσθλά
319 283 363 309 τε
388 266 452 310 καὶ
471 271 616 324 χέρεια.
635 285 638 288 ’
670 267 738 310 Et
753 268 927 311 Platoni
949 268 1032 324 ipsi
1050 270 1223 324 φρόνησις
1247 273 1345 311 erat
1374 269 1571 318 ἐπιστήμη
1592 271 1691 318 olva-

173 322 254 366 3ὕν
271 324 336 367 καὶ
355 330 498 376 κακὸν,
517 329 567 369 ut
582 325 783 382 ΞιὶὈςοις
798 328 896 380 ejus
915 326 1171 382 reperimus.
1232 327 1392 369 Nescio
1409 340 1466 368 an
1488 329 1577 370 haee
1596 327 1688 368 suf-

174 382 325 425 fidant
342 384 400 425 ad
418 383 771 426 emendationem
802 383 963 427 Clerici
993 385 1398 427 commendandam.
1460 384 1536 426 Me
1570 382 1688 426 certe

173 441 221 482 In
240 453 294 483 en.
317 441 398 484 hoc
417 455 554 484 unum
573 441 774 493 offendit,
802 443 919 496 quod
938 440 1086 492 ὢγαὲὃν
1107 455 1196 484 non
1217 442 1356 497 priori
1378 443 1474 483 loco
1491 444 1689 496 positum

175 502 259 540 est.
315 496 430 540 Illud
463 503 625 547 autem,
654 500 773 555 quod
805 501 908 542 libri
927 501 1138 555 praebent,
1166 500 1300 548 καλὸν,
1336 512 1540 542 mancum
1574 499 1691 541 vide-

167 558 265 608 tur,
293 568 373 598 nec
401 557 511 598 satis
541 570 691 611 grave,
721 569 802 600 nec
834 560 1062 614 populare.
1120 556 1208 599 Sed
1227 562 1451 610 utcunque
1467 561 1548 607 est,
1576 557 1693 600 certe

167 611 315 662 ,ἀγαθὰ
346 614 411 654 καὶ
443 615 547 656 κακὲ
577 614 705 656 εἰδέναι
735 616 877 658 sicubi
903 617 1093 658 occurrit
1111 614 1313 657 absolute
1331 616 1510 665 dictum,
1538 627 1595 656 ex
1614 615 1693 656 illa

169 671 347 713 rationo
363 671 672 726 explicandum
693 678 775 722 est,
805 675 1098 727 similiterque
1129 673 1231 716 οὐδὲν
1262 672 1410 722 ἀγαθὸν
1443 672 1526 714 οὐδὲ
1546 673 1659 713 κακόν
1675 685 1688 712 z

167 728 223 770 in
241 739 333 781 quo
349 730 549 785 μερισμὸς,
578 731 655 784 qui
687 733 943 785 pleonasmo
973 733 1103 780 inest,
1131 731 1393 785 gravitatem
1423 735 1479 786 τῷ
1497 730 1598 771 οὐδὲν
1616 728 1691 771 ad·

171 785 261 827 dit.
322 785 548 828 Postremo
577 793 621 830 et
649 790 731 831 hoc
761 790 987 831 fatendum
1018 794 1099 842 est,
1134 790 1180 830 in
1202 788 1284 830 hac
1312 793 1356 830 et
1387 788 1600 842 superiori
1633 788 1695 829 lo-

166 844 341 897 quendi
361 843 502 886 forma
525 845 590 899 (S.
608 845 672 898 5.)
704 859 807 888 casu
826 848 1017 903 speciem
1037 848 1180 888 inesse
1198 847 1466 902 pleonasmi‚
1484 845 1694 897 quoniam

169 902 404 955 vagationi
425 902 525 944 οὐδὲν
543 909 691 946 cetera
710 905 933 948 adduntur
952 906 997 946 in
1015 906 1136 952 locis,
1156 906 1319 958 quibus
1331 916 1438 945 usus
1457 915 1582 950 sunu
1617 903 1693 944 sed

166 959 256 1001 rubi
274 966 509 1003 occurrant
540 963 705 1004 similia
734 977 814 1018 per
842 964 957 1005 solas
976 963 1234 1017 negationes
1253 963 1339 1004 οὔτε
1365 993 1374 1002 .
1399 993 1408 1002 .
1433 992 1443 1001 .
1466 990 1477 1002 .
1496 961 1583 1002 οὔτε
1602 961 1691 1003 dis-

170 1018 329 1071 ,iuncta
347 1020 536 1072 speciem
552 1021 675 1061 illam
694 1034 969 1063 evanescere.

193 1078 198 1107 ἰ
233 1073 273 1116 7.
305 1075 391 1117 Sed
412 1089 647 1131 germanus
663 1081 943 1134 pleonasmus
964 1083 1032 1120 est
1055 1080 1100 1120 in
1130 1079 1210 1122 illa
1227 1075 1433 1130 loquendi
1454 1074 1620 1126 forma.
1642 1077 1691 1118 in

174 1146 267 1188 qua.
298 1135 362 1176 rei
396 1137 652 1190 significatae
680 1138 860 1179 additur
887 1137 1170 1179 contrarium.
1205 1134 1455 1177 ⁴Demosth.
1492 1131 1595 1175 Cor.
1616 1132 1690 1176 37.

175 1194 288 1240 βοὸτ,
308 1193 410 1248 §nri
430 1193 494 1234 καὶ
515 1194 664 1250 ἄῤῥητα
683 1195 890 1249 ὀνομάζων,
911 1193 1181 1253 vociferaris,
1199 1206 1268 1235 mo
1285 1190 1533 1235 nomnibus
1549 1204 1576 1233 a
1657 1190 1693 1233 l-

173 1248 272 1292 lans
277 1249 442 1308 fandis
457 1256 503 1294 et
519 1251 739 1305 nefandis.
800 1252 930 1295 Patet
961 1251 1156 1310 nefanda
1188 1256 1365 1294 tantum
1398 1205 1692 1302 intenigffi‘e·

173 1307 294 1356 bere,
324 1312 369 1350 et
388 1308 518 1351 Dion.
541 1302 686 1352 Halic.
711 1312 796 1352 vol.
819 1312 850 1352 i.
882 1324 927 1365 p.
950 1311 1050 1352 718.
1083 1307 1184 1365 ῥηταὶ
1203 1309 1268 1350 καὶ
1298 1308 1447 1365 {pipam
1465 1307 1555 1348 κατ’
1573 1307 1694 1350 αὑτοῖν

174 1366 329 1412 movet
346 1368 458 1408 verti
477 1379 633 1421 posse:
665 1367 864 1424 infandis
895 1364 1249 1410 contumeliarum
1279 1365 1418 1408 verbis
1442 1376 1542 1407 eum
1559 1363 1694 1406 imc-

174 1428 337 1465 tantm.
406 1423 631 1478 Aristoph.
675 1424 824 1478 Equit.
867 1424 967 1468 256.
1014 1426 1075 1466 οὓς
1111 1423 1186 1473 ἐγῶ
1220 1425 1365 1472 βόσκω,
1395 1422 1591 1478 xeneam&
1628 1421 1696 1463 atui

156 1479 303 1522 «δίκαια
330 1481 479 1535 affixa.
552 1481 684 1525 Haud
721 1483 856 1524 dubie
890 1487 1048 1538 praeter
1083 1482 1389 1524 necessitatem
1418 1480 1532 1522 ἄδικα
1560 1481 1695 1521 etiam

171 1537 363 1593 adjecta.
423 1539 573 1582 Actor.
595 1542 713 1582 xxvi.
742 1540 816 1583 28.
839 1554 876 1583 s.
902 1539 965 1582 ‘O
996 1541 1035 1582 δὲ
1065 1539 1408 1596 Ἀγρίππας-σὸς
1437 1538 1500 1579 τὸν
1529 1536 1694 1579 Παῦλον

174 1593 290 1639 εἶπεν·
319 1595 391 1638 Ἐν
419 1599 540 1654 ὀλίγῳ
568 1615 619 1647 με
647 1596 798 1640 πείθεις
826 1598 1044 1654 χριστιανὸν
1072 1596 1263 1647 γενέσθαι.
1318 1598 1329 1612 ‘
1401 1595 1441 1637 δὲ
1459 1594 1624 1637 Παῦλος
1643 1592 1694 1636 εἴ·

175 1666 258 1694 τεν·
286 1651 491 1704 Εὐξαίμην
521 1653 564 1696 ἂν
593 1660 650 1712 τῷ
668 1654 761 1711 θεῷ,
791 1657 856 1696 καὶ
886 1658 922 1696 ἐν
952 1658 1072 1704 ὂλίνγω
1100 1654 1165 1695 καὶ
1195 1657 1231 1695 ἐν
1259 1659 1401 1710 πολλῷ
1429 1656 1473 1694 οὐ
1500 1654 1611 1700 μόνον
1639 1664 1696 1703 ἃς,

178 1710 288 1751 ἀλλὰ
316 1711 380 1752 καὶ
408 1714 564 1754 πάντας
603 1717 686 1755 etc.
748 1712 990 1754 Manifesto
1030 1698 1217 1754 Paullus.
1248 1725 1337 1753 non
1374 1711 1580 1757 multum,
1622 1709 1700 1752 sed

175 1780 347 1823 parum,
367 1782 420 1812 ac
438 1772 587 1825 potius
606 1771 719 1812 nihil
738 1771 892 1812 abesse
904 1771 1013 1818 vult,
1034 1770 1141 1822 quin
1159 1770 1381 1824 Agrippas
1399 1781 1523 1810 sacra
1543 1766 1696 1809 Chris-

174 1826 399 1869 tianorum
431 1829 732 1883 amplectetur.
763 1827 1001 1870 Imitantur
1033 1829 1115 1869 hoc
1149 1828 1314 1869 Latini.
1344 1825 1522 1868 Terent.
1556 1825 1693 1867 Andr.

177 1883 209 1926 i.
231 1883 275 1936 3,
295 1883 336 1926 9.
363 1898 447 1942 quo
456 1886 562 1942 jure
580 1899 746 1943 quaque
762 1884 947 1942 injuria.
1007 1884 1131 1938 virg.
1151 1883 1251 1926 AEn.
1274 1886 1333 1926 ix.
1360 1883 1457 1925 595.
1488 1897 1522 1924 s.
1554 1881 1696 1939 digna

177 1947 306 1998 atque
335 1942 523 2000 indigna
558 1944 697 1986 relatu
733 1943 988 2000 vociferam.
1065 1942 1164 1985 Hoc
1202 1945 1332 1997 plane
1362 1946 1428 1983 est
1463 1941 1573 1982 illud
1606 1940 1694 1982 De-

178 2002 431 2043 mosthenis.
461 2001 571 2043 Hor.
609 2001 755 2043 Carm.
779 2003 825 2043 ii.
858 2001 926 2050 18,
949 2000 1018 2042 40.
1049 2007 1222 2043 vocatus
1250 2007 1377 2057 atque
1407 2012 1494 2040 non
1522 2005 1697 2040 vocatus

178 2057 323 2100 audit.
385 2058 516 2101 Clara
536 2065 640 2102 sunt
661 2062 752 2102 haec
770 2061 918 2101 omnia
937 2074 947 2106 ;
968 2062 1019 2100 ut
1039 2059 1111 2100 hic
1130 2071 1202 2113 ap.
1226 2057 1463 2100 Horatium
1483 2058 1694 2110 interpre-

177 2117 365 2159 tandum
383 2131 494 2166 esse,
514 2124 678 2174 sponte,
698 2117 819 2160 nulla
840 2115 1012 2160 omnino
1027 2130 1151 2173 prece
1164 2122 1351 2165 vocatu&
1372 2114 1510 2157 audit.
1563 2113 1698 2155 Plura

180 2175 312 2229 huJus
332 2175 506 2230 generis
524 2176 792 2229 collegerunt
810 2176 953 2226 multi,
984 2180 1035 2216 ut
1062 2173 1269 2215 Erasmus
1289 2175 1336 2215 in
1357 2172 1572 2227 prooemio
1589 2171 1695 2213 ada-

179 2234 353 2288 giorum
382 2238 426 2275 et
454 2234 537 2275 sub
559 2232 746 2281 Omnia;
778 2235 1040 2287 interpretes
1068 2231 1367 2286 ad·Aristopb.
1390 2229 1506 2272 Plut.
1528 2228 1628 2271 233.
1647 2232 1695 2270 et

180 2292 238 2333 ad
255 2291 431 2334 Terent.
451 2293 520 2334 1.1.
583 2291 686 2333 Non
704 2293 867 2345 exigua
885 2292 952 2332 vis
971 2292 1017 2331 in
1028 2291 1108 2331 hoc.
1128 2290 1387 2345 pleonasmo
1417 2288 1549 2329 inest.
1610 2286 1698 2328 De-

178 2350 319 2392 clarat
337 2350 474 2397 enim,
505 2350 739 2391 discrimen
769 2362 897 2391 omne
925 2349 1147 2390 sublatum
1179 2361 1271 2388 esse
1304 2349 1484 2402 propter
1505 2345 1696 2386 hominis

180 2420 224 2447 v.
262 2421 301 2449 c.
346 2408 647 2450 incredibilem
677 2407 974 2449 temeritatem
1015 2409 1092 2447 aut
1125 2406 1255 2453 iram,
1298 2417 1384 2458 qua.
1420 2404 1530 2445 nihil
1568 2402 1697 2457 pensi

181 2464 344 2506 habeat
363 2465 408 2506 in
428 2466 694 2512 evomendis,
724 2477 994 2517 quaecunque
1024 2464 1070 2504 in
1100 2464 1282 2505 buccam
1310 2462 1507 2509 veniant,
1534 2461 1695 2502 verbis.

181 2520 355 2565 Pariter
381 2523 458 2564 ubi
487 2524 721 2564 commotio
751 2536 775 2563 e
804 2535 852 2563 re
881 2523 983 2564 laeta
1011 2521 1223 2568 nascitur,
1254 2521 1427 2562 animus
1456 2521 1521 2560 ita
1541 2520 1698 2573 plenus

181 2580 265 2622 hac
285 2593 376 2623 una
396 2593 444 2621 re
463 2581 659 2632 cogitata
678 2580 992 2632 intelligendus
1020 2582 1105 2627 est,
1135 2579 1246 2620 nihil
1276 2582 1328 2620 ut
1355 2578 1544 2632 amplius
1572 2578 1697 2618 curet

180 2643 259 2679 aut
278 2639 439 2680 videat.
499 2635 564 2678 Ea
582 2651 653 2679 res
673 2638 796 2679 ducit
826 2638 883 2678 ad
919 2637 1183 2691 hyperbolen
1216 2649 1315 2677 cum
1334 2635 1554 2689 eJusmodi
1576 2636 1698 2689 pleo-

180 2709 337 2737 nasmo
350 2697 569 2748 junctam,
589 2696 667 2749 qui
688 2695 1094 2748 gravissime-urget
1113 2693 1223 2735 illud
1241 2707 1396 2741 unum,
1416 2693 1532 2745 quod
1552 2693 1696 2733 solum

180 2757 250 2796 est
280 2753 627 2806 intelligendum,
659 2754 835 2794 excluso
863 2753 1081 2794 contrario
1112 2765 1192 2806 per
1224 2751 1367 2807 ipsum
1393 2751 1698 2805 pleonasmum

180 2812 364 2864 adjecto.

238 2869 280 2910 8.
312 2868 496 2923 Propter
516 2868 854 2909 similitudinem
882 2881 983 2910 cum
1012 2866 1142 2908 dictis
1171 2867 1300 2908 modo
1328 2865 1559 2920 explicatis
1578 2869 1698 2920 post-

180 2940 350 2968 remum
370 2926 553 2968 afferam
587 2925 646 2967 τῖς
676 2926 701 2970 ἢ
733 2926 895 2973 μηδείςε
928 2939 972 2978 q.
995 2939 1034 2966 e.
1055 2923 1213 2971 nullus,
1235 2929 1314 2966 aut
1333 2928 1448 2965 certe
1461 2921 1608 2980 ferme
1626 2936 1699 2965 ne-

180 2998 268 3035 mo,
287 2989 339 3041 ut
354 2983 647 3029 Valkenarius
666 2984 723 3030 ad
743 2983 958 3029 Herodoti
974 2984 1040 3028 iii.
1067 2982 1161 3028 140.
1184 2984 1511 3040 interpretatur.
1558 2979 1699 3026 Voces
