1838 3164
161 163 283 205 xxviii
630 158 918 201 PRAEFATIO
946 156 1220 201 LEISNERI.

136 286 370 333 referrent,
413 286 491 326 aut
522 283 735 330 facerent,
778 285 828 324 ut
861 281 975 323 inter
1010 282 1182 326 strenue
1217 274 1504 332 pugnandum
1541 274 1656 326 ihor-

138 343 206 384 tui
237 356 369 397 super
403 355 455 384 eo
483 341 766 382 referrentur.
825 337 963 391 Cujus
995 337 1102 378 dicti
1138 348 1274 390 quum
1313 333 1588 376 Plutarchus*
1611 334 1658 375 in

139 398 587 454 apophthegmatibus
622 396 907 439 Lacaenarum
936 409 977 449 p.
1014 391 1113 434 241.
1137 395 1182 434 et
1215 392 1386 434 Sextus·
1408 388 1665 445 Empiri‘chis

141 456 292 511 Pyrrh.
325 456 545 511 Hypotyp.
575 456 641 497 iii.
670 469 704 496 c.
727 454 796 496 242
826 467 870 508 p.
898 452 990 493 181.
1015 451 1289 492 mentionem«
1303 447 1497 495 faciunt,
1527 444 1675 489 sersss'·

141 515 356 556 orationis
390 517 608 555 attentum
637 513 843 555 lectorem
879 510 1010 552 facile
1039 508 1182 554 docet,
1207 505 1424 549 Laeaenas
1453 504 1675 553 istas-idn

141 571 263 625 quod
300 571 429 613 modo
469 571 704 622 innuimus,
749 569 928 611 omnino
966 566 1215 622 respexisse
1254 577 1306 607 ac
1344 563 1489 617 digito
1538 573 1673 610 metr-5

145 633 324 671 strasse.
503 633 510 644 ¹
660 630 662 632 ’
1552 620 1605 656 -ίῑ
1650 635 1655 640 ·

201 686 271 728 Ita
288 686 408 740 apud
427 686 651 740 Aristoph.
670 683 934 739 Thesmoph.
967 681 1069 725 387.
1098 679 1258 736 περίθου
1278 683 1337 722 νῦν
1374 677 1484 720 eduxi?
1511 679 1676 732 vipera-ow

144 744 406 800 enptv'xersw,
437 744 668 796 ambigunt
702 742 982 797 interpretes,
1033 740 1282 793 digitumne
1306 733 1677 792 'proeco,3·2kiue1ii‘

143 801 280 857 poeta
299 802 362 843 ibi
398 802 644 854 loquentem
673 800 796 847 facit,
828 800 884 841 ad
917 811 1134 848 coronam,
1167 809 1223 837 an
1253 795 1311 836 ad
1331 793 1679 836 vestem'inte'n-.·

145 859 272 901 derit.
331 857 468 900 Vetus
505 858 624 899 enim
659 857 925 900 Scholiastes
958 860 1124 910 χιτῶνα,
1168 853 1244 895 sed
1279 851 1455 894 Bisetus
1483 852 1681 904 osteum>-

147 916 565 969 subintelligendum
583 918 727 970 putat.
787 914 901 956 Cum
919 928 1023 956 vero
1039 926 1121 968 pro
1142 910 1282 953 Biseti
1301 908 1679 964 interpretatione*
1700 913 1702 916 ’

151 973 246 1016 haec
287 973 400 1014 ratio
439 977 540 1022 stet,
569 973 702 1026 quod,
733 973 809 1027 qui
849 973 982 1014 vei-ba
1011 972 1117 1012 olim
1152 983 1233 1024 pro
1265 968 1476 1010 concione
1509 965 1674 1008 facturi

150 1035 296 1079 erant,
327 1044 532 1072 coronam
568 1031 704 1084 capiti
736 1032 962 1085 imponere
994 1027 1329 1070 consueverint:
1355 1022 1681 1068 :vidsrEm‘ne'

157 1086 251 1130 130.
309 1086 524 1129 Kusterus
550 1087 689 1129 Biseti
711 1087 1050 1142 explicationem
1079 1085 1207 1126 alteri
1240 1084 1400 1125 'veteris
1421 1078 1680 1123 Schniiastae

151 1146 311 1186 merito
330 1145 522 1198 praefert.
582 1143 677 1185 Nec
711 1145 820 1185 mihi
853 1144 1143 1185 dubitandum
1177 1142 1368 1189 videtur,-
1396 1152 1515 1195 saepe
1538 1135 1687 1186 retiarii

151 1201 259 1242 alibi
283 1202 556 1256 loquentium
580 1201 707 1249 modo
728 1202 910 1243 vultum‘
930 1203 1162 1252 minacem,
1194 1200 1323 1241 modo
1344 1198 1566 1252 gemitum»
1590 1195 1682 1237 edi-

153 1262 268 1305 tum,
299 1258 430 1298 modo
470 1260 583 1299 *alios
630 1261 775 1300 motus
814 1260 1026 1314 corporis,
1055 1259 1305 1300 ‘verborum
1341 1258 1490 1310 partes
1531 1254 1679 1307 agero:

156 1313 275 1363 Fuit,
306 1328 446 1368 quum
483 1315 615 1368 hujus
650 1317 967 1358 observationis
1011 1329 1094 1370 ope
1134 1314 1374 1368 Virgilium
1415 1311 1580 1364 Georg.
1601 1311 1679 1361 „im-

155 1370 257 1414 445.
293 1377 337 1414 et
357 1371 524 1413 AEn.?ii.
546 1371 645 1415 426.
679 1375 894 1429 explicari
915 1386 1044 1428 posse
1073 1376 1293 1427 putarem.
1330 1368 1481 1419 ¹Quae,
1513 1368 1558 1411 εἰ
1576 1372 1682 1424 pro-

160 1430 321 1471 babilis
344 1430 578 1481 videretur,
610 1431 740 1472 simul
769 1432 923 1474 multis
955 1430 1138 1472 Homeri
1159 1430 1267 1472 Iccis
1288 1430 1436 1470 lumen
1457 1426 1684 1470 effundere

160 1492 328 1542 posset.
1053 1504 1055 1506 ·
1515 1491 1517 1493 ’

222 1544 310 1586 Sed
340 1545 472 1586 nimis
505 1547 627 1600 longi
661 1547 842 1598 fuimus.
901 1545 1024 1588 Finis
1052 1544 1307 1601 praefationi
1342 1542 1571 1586 faciendus
1602 1544 1685 1584 es't.
1724 1535 1728 1541 ²

167 1600 295 1649 Quod
330 1603 367 1644 si
404 1603 519 1656 quid‘
543 1605 610 1645 vel
649 1605 696 1646 in
727 1618 796 1653 ea,
827 1604 895 1646 vel
928 1604 975 1645 in
1012 1605 1121 1659 ipsis
1158 1602 1469 1644 additionibus*
1491 1604 1684 1642 erratum

168 1665 252 1727 est,
284 1673 362 1704 nos
391 1661 516 1703 nobis
548 1662 668 1705 beati
700 1663 963 1711 videbimur,
1001 1663 1038 1704 si
1065 1674 1242 1716 aequum
1268 1660 1529 1702 monitorem
1562 1658 1681 1700 inve·

171 1729 358 1760 memus.
963 1725 965 1727 ·
