1838 3164
256 187 336 233 182
615 191 688 231 DE
716 185 924 230 ELLIPSI
951 183 1024 228 ΕΤ
1048 176 1387 226 PLEONASMO

254 304 503 361 hujusmodi
534 305 635 347 alia.
694 300 802 346 Haec
819 316 920 345 vero
947 311 1211 354 magnopere
1230 309 1397 346 vereor,
1430 301 1485 339 ne
1513 300 1601 338 non
1630 298 1753 338 accu-

167 368 245 412 177
255 363 396 407 sativo
415 375 535 412 casu,
556 363 673 417 quod
693 361 833 412 Bosio‚
861 359 1050 415 pessime
1082 357 1438 413 praepositionem
1467 354 1573 404 μετὰ
1591 356 1637 409 p.
1650 352 1754 396 454.

253 421 351 465 455.
374 421 652 475 intelligenti,
682 421 871 465 videtur,
894 417 984 465 sed,
1014 420 1065 458 ut
1081 417 1173 470 jam
1192 415 1248 455 ad
1268 412 1478 467 Vigerum
1496 411 1756 465 significavi,

254 479 525 524 nominativo
565 479 776 520 dicantur.
855 474 972 517 Nam
1015 474 1289 515 accusativus
1327 483 1468 524 neque
1506 470 1758 524 explicatio-

257 549 358 581 nem
398 536 530 578 habet
560 535 750 583 facilem,
786 547 862 574 nec
895 535 1028 582 certa,
1066 531 1181 583 quod
1214 531 1366 576 sciam,
1408 528 1760 570 testimoniorum

258 594 559 637 fide-nititur:
593 594 708 646 quod
741 604 860 633 secus
896 592 959 631 est
990 590 1035 630 in
1074 588 1358 629 nominativo.
1438 583 1516 627 Est
1554 585 1673 627 enim
1713 583 1760 626 in

260 654 380 694 hisce
400 652 746 705 loquutionibus,
777 652 828 689 ut
847 647 1048 700 equidem
1068 646 1287 693 existimo,
1310 647 1504 689 nontam
1524 643 1761 698 permixtio

260 710 459 766 quaedam
487 710 750 751 diversorum
780 705 985 759 loquendi
1016 703 1255 754 modorum,
1298 715 1430 756 quam
1467 701 1673 742 transitio
1702 699 1760 742 ab

260 768 349 809 alio
383 768 438 809 ad
467 767 620 814 alium,
653 764 790 818 altero
821 764 1023 817 abrupto.
1081 759 1310 815 Euripides
1339 758 1490 800 Phoen.
1512 756 1612 800 290.
1646 757 1763 799 Μέλ-

259 835 337 867 λων
368 825 406 866 δὲ
438 826 599 872 πέμπειν
630 824 670 871 μ’
703 821 869 862 Οἰδίπου
898 818 1038 861 κλεινὸς
1065 819 1168 867 ’γόνος
1198 815 1381 858 Mam-era
1411 815 1544 865 σεμνοὶ,
1566 812 1708 865 Λοξίου
1729 817 1764 857 τ’

261 884 323 924 ἐπ’
360 883 545 936 ἐσχάρας,
578 878 647 920 Ἐν
682 879 770 935 τῷδ’
818 878 1117 933 ἐπεστράτευσαν
1160 874 1328 930 Ἀργεῖοι
1372 875 1494 915 πόλιν.
1572 873 1764 915 Volebat

260 943 392 995 poeta
412 939 570 986 dicere,
600 939 754 986 μέλλων
772 952 821 984 με
843 937 1004 985 πέμπειν
1024 932 1190 974 Οἰδίπου
1220 932 1324 981 γόνος
1354 928 1656 987 ἐπεστρατεύῧπ,
1687 931 1764 972 sed

260 995 487 1051 abrumpit
518 995 708 1050 priorem
740 992 1127 1040 constructionem,
1158 994 1203 1032 et
1232 989 1368 1038 infert
1400 987 1546 1030 aliam.
1596 987 1764 1042 Sopho-

260 1055 349 1095 cles
379 1056 423 1095 in
456 1050 557 1094 OEd.
593 1051 687 1092 Col.
715 1050 836 1092 1119.
868 1049 932 1092 ΨΩ
963 1049 1069 1100 ξεῖνε,
1099 1047 1158 1098 μὴ
1190 1046 1371 1104 θαύμαζε
1397 1044 1493 1102 πρὸς
1521 1043 1565 1086 τὸ
1593 1046 1766 1101 λιπαρὲς,

259 1110 370 1153 Τέκν’
392 1113 421 1151 εἰ
442 1111 587 1164 φανέντ’
613 1107 767 1150 ἄελπτα
787 1111 942 1157 μηκύνω
963 1109 1087 1156 λόγον·
1115 1119 1252 1160 quum
1282 1105 1424 1147 dicere
1452 1103 1582 1144 vellet
1602 1104 1631 1143 εἰ
1654 1105 1776 1144 τέκνα

260 1168 440 1210 ἀέλπτως
473 1170 634 1221 φανέντα
672 1170 845 1215 μηκύνειν
876 1183 926 1214 με
961 1167 1061 1207 ποιεῖ
1086 1166 1211 1213 λόγον.
1273 1161 1380 1211 Quae
1411 1162 1526 1203 ratio
1560 1161 1766 1216 loquendi

260 1238 398 1279 quum
426 1226 627 1280 coepisset
664 1237 743 1279 par
783 1225 948 1276 haberi,
988 1236 1039 1264 ac
1074 1223 1112 1263 si.
1147 1223 1282 1263 τέκνων
1313 1221 1496 1274 φανέντων
1531 1216 1766 1267 diceretur,

258 1284 426 1325 factum
449 1287 532 1330 est,
563 1286 613 1324 ut
645 1283 689 1323 in
710 1282 973 1335 quibusdam
1006 1281 1197 1321 maxime
1231 1277 1494 1333 participiis,
1523 1277 1658 1318 etiarn
1690 1277 1767 1318 ubi

258 1353 344 1382 non
367 1344 515 1396 posset
535 1341 615 1388 sic,
647 1343 696 1380 ut
719 1340 860 1387 initio,
891 1339 1119 1393 explicari,
1151 1337 1381 1378 brevitatis
1410 1340 1565 1377 caussa
1587 1331 1769 1389 usurpa-

257 1403 393 1440 retur.
452 1395 684 1451 Euripides
719 1396 939 1439 Heraclid.
970 1395 1010 1437 6.
1038 1393 1148 1444 Ἐνγὼ
1183 1394 1257 1447 γὰρ
1291 1392 1403 1439 αἰδοῖ,
1435 1392 1499 1433 καὶ
1532 1391 1576 1432 τὸ
1597 1391 1771 1441 συγγενὲς

259 1458 393 1504 σέβων,
421 1450 534 1503 Ἐξὸν
554 1458 642 1494 κατ’
661 1452 812 1510 ”ΑρὙος
841 1454 1001 1507 ἦσυχῶς
1035 1453 1158 1500 ναίειν,
1188 1451 1305 1492 πόνων
1340 1449 1547 1491 Πλείστων
1578 1449 1770 1502 μετέσχον

259 1511 312 1554 εἷς
331 1512 422 1567 α’νῆρ
447 1511 673 1566 “Ηρακλέει.

171 1608 250 1652 178
432 1600 530 1644 XII.
562 1601 630 1646 De
655 1601 813 1659 Ellz‘psz'
830 1600 1136 1643 Adverbiorum
1164 1605 1204 1641 et
1226 1596 1598 1655 C'onjunctz'onum.
1655 1594 1665 1599 ”

319 1685 685 1741 Praepositionum
706 1686 880 1740 ellipses
910 1684 1052 1726 nullas
1075 1696 1170 1725 esse
1189 1682 1393 1725 vidimus.
1453 1679 1639 1724 Dicatur
1657 1685 1772 1724 nunc

261 1745 316 1786 de
329 1745 474 1798 ellipsi
490 1744 794 1785 adverbiorum
812 1747 855 1784 et
874 1743 1248 1796 conjunctionum,
1261 1742 1307 1782 in
1323 1753 1410 1794 quo
1429 1752 1588 1794 genere
1605 1739 1773 1781 nescias

261 1803 477 1858 profecto,
508 1802 614 1854 quid
642 1801 915 1842 sentiendum
948 1812 1042 1841 esse
1063 1800 1182 1840 dicas
1203 1799 1256 1839 de
1278 1798 1361 1850 his,
1390 1797 1466 1850 qui
1489 1797 1559 1839 hic
1578 1799 1770 1851 quoque,

261 1860 338 1901 ubi
359 1862 425 1900 vel
447 1870 598 1900 sensus
615 1859 857 1900 communis
877 1859 1051 1912 ellipsin
1071 1857 1253 1911 spernit,
1282 1858 1373 1896 tam
1407 1855 1609 1910 putidum
1637 1854 1774 1896 admi-

262 1917 458 1959 niculum
479 1917 686 1958 adhibere
704 1930 788 1958 non
821 1915 1131 1958 dubitaverint,
1191 1912 1413 1968 Pleraeque
1439 1925 1589 1964 omnes
1618 1911 1775 1953 harum

263 1974 485 2028 ellipsium
521 1974 734 2028 ejusmodi
774 1977 889 2022 sunt,
929 1975 979 2015 ut
1011 1985 1086 2015 eas
1126 1985 1212 2014 non
1243 1971 1462 2026 praeterire
1493 1983 1561 2012 me
1596 1969 1774 2024 pudeat.

265 2030 383 2073 Nam
404 2033 489 2073 nisi
509 2033 675 2074 factum
709 2036 839 2080 esset,
871 2033 944 2072 vix
977 2031 1094 2073 credi
1129 2033 1279 2084 posset
1308 2028 1542 2076 exstitisse,
1573 2027 1650 2081 qui
1671 2039 1711 2069 v.
1733 2038 1772 2069 c.

265 2091 486 2145 πλησιάζειν
520 2090 679 2142 voveant,
721 2095 798 2131 aut
841 2087 985 2145 Tityre
1015 2102 1101 2130 non
1140 2091 1349 2143 putarent
1381 2087 1466 2128 dici
1498 2097 1644 2141 posse,
1689 2084 1775 2127 nisi

266 2147 450 2201 ἐρωτικῶς
469 2150 512 2188 et
533 2165 549 2187 ο
572 2148 902 2201 intelligeretur.
964 2145 1049 2193 Qui
1081 2147 1117 2187 si
1138 2146 1416 2199 cogitassent,
1449 2144 1655 2185 adverbia
1675 2155 1777 2184 con-

260 2204 595 2258 junctionesque
614 2206 959 2260 proprietatibus
980 2204 1243 2257 quibusdam
1263 2207 1308 2244 et
1327 2201 1642 2244 sententiarum
1662 2200 1776 2241 inter

265 2274 313 2301 se
339 2263 822 2304 consociationibus·ae
853 2261 1239 2304 dissociationibus
1270 2260 1515 2301 indicandis
1547 2257 1774 2309 inservire,

264 2330 362 2370 quae
384 2320 471 2361 nisi
491 2320 688 2362 disertim
710 2321 853 2363 verbis
883 2331 1100 2375 expressae
1130 2320 1196 2360 vel
1222 2322 1455 2373 propterea
1484 2315 1672 2368 intelligi
1704 2327 1777 2355 ne-

267 2381 448 2427 queant,
494 2378 624 2430 quod,
666 2379 703 2419 si
739 2379 883 2432 ellipsi
919 2379 1039 2418 locus
1074 2380 1205 2424 esset,
1247 2376 1381 2416 etiam
1409 2374 1556 2415 aliena
1588 2372 1777 2426 intelligi

265 2439 472 2486 possent:
508 2446 746 2488 numquam
777 2437 884 2477 adeo
905 2435 1112 2476 absonam
1132 2434 1386 2487 opinionem
1405 2434 1551 2473 essent
1571 2430 1777 2486 amplexi,

266 2495 315 2531 ut
336 2493 525 2540 voculaS,
546 2506 733 2546 quarum
754 2493 931 2535 omissio
951 2493 1079 2545 longe
1099 2492 1228 2532 aliter
1248 2503 1381 2543 quam
1402 2489 1590 2543 adjectio
1608 2491 1779 2529 senten-

266 2548 352 2588 tias
375 2550 636 2602 conformat,
666 2565 745 2606 per
767 2552 939 2605 ellipsin
964 2550 1129 2603 negligi
1151 2549 1348 2604 potuisse
1368 2544 1609 2589 crederent.
1664 2543 1779 2586 Sunt

267 2607 414 2646 tamen
435 2610 654 2650 nonnullae
688 2610 842 2651 harum
874 2608 1204 2663 particularum,
1231 2619 1326 2659 quae
1347 2617 1484 2660 quum
1503 2604 1640 2646 etiam
1669 2615 1779 2659 prae-

266 2664 550 2728 stantissimis
582 2666 688 2708 viris
718 2667 916 2717 fraudem
943 2665 1142 2712 fecerint,
1178 2664 1435 2717 diligentIus
1455 2660 1778 2704 considerandae

266 2719 486 2763 Videntur.
547 2720 633 2764 Eas
665 2725 902 2779 particulas
930 2724 1079 2765 ordine
1110 2736 1178 2772 eo,
1209 2723 1287 2775 qui
1321 2725 1388 2764 est
1421 2721 1468 2762 in
1499 2717 1620 2762 Bosii
1651 2717 1778 2767 libro,

266 2781 719 2824 commemorabimus.

178 2839 255 2883 179
324 2834 389 2877 Ac
407 2837 551 2890 primo
571 2850 658 2891 quo
679 2838 856 2881 tandem
886 2841 986 2894 jure
1018 2837 1161 2880 ἄλλοτε
1194 2835 1546 2879 existimabimus
1567 2834 1777 2876 omissum

264 2903 360 2933 esse
381 2893 424 2934 ln
448 2895 610 2936 talibus
633 2898 755 2945 locis,
788 2896 929 2950 qualis
950 2896 1020 2938 hic
1041 2900 1108 2938 est
1128 2895 1353 2951 Euripidis
1374 2906 1541 2941 versus,
1572 2888 1721 2942 Κεῖμαι
1741 2891 1775 2931 δ’

265 2950 324 2990 ἐπ’
357 2954 508 3001 α’κταῖς,
539 2951 676 2995 ἄλλοτ’
708 2956 741 2996 ἐν
772 2957 911 2996 πόντου
940 2956 1076 3012 σσέλῳῖ
1107 2952 1196 2996 Ubi
1226 2953 1333 3007 quid
1363 2951 1562 3007 impedit,
1593 2963 1648 2992 ne
1676 2950 1776 3003 quis

263 3008 390 3052 malit
413 3011 525 3054 ἐνίοτε
548 3012 812 3067 intelligere,
843 3017 921 3056 aut
951 3024 1006 3057 ne
1037 3016 1165 3070 putet
1196 3013 1261 3057 ita
1290 3009 1378 3056 dici
1412 3017 1491 3068 pro
1510 3011 1638 3060 κεῖμαι
1659 3006 1694 3049 δ’
1715 3008 1778 3050 ἐπ’
