1838 3164
180 166 261 211 102
714 184 908 220 ELursm
928 163 1164 219 NoMlNiJM.

182 282 365 334 absunt,
385 299 413 328 a
432 297 501 329 me
520 287 689 331 referri.
748 286 958 341 Equidem
989 288 1136 327 autem
1157 281 1264 325 satis
1279 283 1388 325 mihi
1411 288 1611 327 constare
1628 296 1696 326 ra-

181 342 351 384 tionem
366 350 492 400 puto,
512 360 565 388 eo
584 346 699 400 quod
715 347 818 393 alia,
838 343 1107 386 commodius
1127 342 1375 396 explicandi
1396 342 1545 396 hujus,
1563 355 1694 396 quem

184 398 335 442 daturi
357 415 525 451 sumus,
546 405 630 446 loci
661 402 977 449 difficultatem,
1010 412 1108 441 mea
1142 401 1362 442 sententia
1391 413 1480 442 non
1513 403 1582 443 est
1606 401 1692 446 via.

184 451 407 513 Theognis
428 474 470 503 v.
499 461 592 510 197,
620 461 713 504 198.

358 515 563 574 Χρήματα
575 519 648 575 δ’ᾦ
667 517 784 559 διόθεν
804 516 867 558 καὶ
883 514 945 557 σὺν
959 515 1045 571 δίκῃ
1063 513 1163 570 ἀνδρὶ
1182 515 1351 566 γένηται,

418 573 501 616 Καὶ
518 575 710 631 καθαρῶς,
723 575 792 616 αἰεὶ
807 574 881 630 «γαρ
900 574 1053 622 μόνιμον
1073 570 1236 614 τελέθει.

184 626 472 686 Interpretes,
495 635 619 687 quasi
641 633 759 673 nullo
781 633 852 673 hic
869 644 979 685 opus
1000 631 1115 672 foret
1136 631 1303 678 labore,
1338 629 1596 672 transiliunt
1615 630 1696 672 hos

185 689 400 743 scopulos.
458 689 578 732 Elias
597 689 799 737 VinetuS,
834 702 922 731 non
941 689 1150 742 ignobilis
1173 689 1282 729 alias
1311 692 1483 736 auctor,
1518 689 1697 730 silentio

184 747 361 788 transit.
424 746 649 790 Hertelius
669 752 831 797 autem,
861 744 1044 788 Latinus
1065 747 1297 801 interpr-eS‚
1336 746 1444 799 quid
1463 745 1550 787 sibi
1571 747 1694 795 velit,

182 803 315 855 plane
337 806 489 847 nescit.
547 804 615 846 Ita
634 804 787 846 Graeca
805 804 948 845 reddit
965 818 974 844 :
1008 802 1116 861 Opes
1133 817 1228 846 vero
1248 802 1321 845 cui
1349 818 1376 845 a
1395 801 1521 853 Jove,
1542 810 1584 846 et
1602 817 1697 845 cum

110 869 113 873 ’
173 859 356 914 y'ustz'tz'a
369 860 650 919 virofuerz'nt,
673 869 712 904 et
731 861 910 918 integre,
930 860 1273 918 semperquidem
1283 859 1434 903 stabile
1452 867 1524 904 est.
1582 862 1696 903 Mihi

185 918 377 961 volventi
399 922 546 962 animo
566 925 609 962 et
629 920 868 962 revolventi
888 920 1008 962 istud
1028 920 1212 968 dictum,
1246 919 1419 968 ἐλλείψει
1439 918 1558 967 data,
1580 933 1695 961 com-

185 976 441 1019 modissime
459 991 670 1033 apparere
690 976 834 1020 Po'etae
864 979 1145 1026 sententiam,
1173 977 1362 1019 videtur.
1422 975 1523 1019 Non
1544 980 1694 1018 autem

181 1033 333 1074 inveni
366 1036 514 1090 aptius
559 1036 727 1089 reliquo
768 1035 958 1077 sermoni
998 1036 1276 1083 vocabulum,
1318 1047 1451 1088 quam
1493 1033 1694 1083 εὐδαίμων.

185 1089 284 1137 Quo
335 1092 382 1132 in
420 1097 673 1135 contextum
723 1098 915 1148 recepto,
970 1093 1058 1136 haec
1096 1094 1179 1134 erit
1217 1097 1383 1146 versus}
1411 1091 1582 1133 forma:
1629 1091 1694 1146 ἰ’.ῼ

182 1146 284 1203 ἀνδρὶ
319 1147 437 1190 διόθεν
466 1151 663 1205 χρήματα
693 1151 756 1192 καὶ
785 1149 847 1192 σὺν
879 1152 965 1208 δίκῃ
996 1150 1060 1192 καὶ
1096 1149 1276 1207 καθαρῶς
1307 1152 1478 1199 (γένηται,
1509 1148 1696 1198 εὐδαίμων

182 1205 280 1245 ἐστι’.
339 1205 513 1262 Αἱεῖεγσὶρ
531 1210 685 1256 μόνιμον
705 1207 868 1251 τελέθει.
928 1208 998 1250 Ita
1027 1212 1183 1264 sponte
1205 1209 1352 1250 omnia
1383 1208 1540 1258 fluunt,
1566 1209 1698 1251 nihil-

179 1273 264 1314 que
283 1275 394 1317 opus
427 1268 512 1313 est,
533 1266 821 1308 alienissimas
841 1281 867 1309 a
889 1266 1035 1309 Po'etae
1053 1267 1273 1308 sententia
1303 1266 1465 1319 figuras
1486 1266 1694 1308 adhibere

180 1319 236 1360 ad
265 1320 347 1362 loci
378 1323 665 1365 intellectum.
698 1323 883 1367 BERNH.
942 1323 1009 1366 En
1029 1325 1216 1372 illustre,
1254 1324 1290 1364 si
1318 1324 1435 1376 quod
1466 1323 1600 1371 aliud,
1621 1338 1696 1364 ex-

180 1379 376 1432 emplum
410 1383 590 1435 ἀκρισίας,
612 1387 663 1424 ut
683 1396 836 1425 sensus
862 1384 957 1425 loco
977 1386 1181 1438 corrupto
1210 1385 1539 1435 extorqueatur,
1576 1382 1697 1432 miri-

179 1435 281 1477 ficas
301 1438 472 1492 ellipses
493 1439 766 1482 fabricantis.
825 1440 927 1482 Non
948 1442 1097 1494 magni
1117 1443 1214 1482 erat
1232 1440 1466 1488 acuminis,
1496 1439 1608 1480 vitio
1630 1441 1695 1481 in-

178 1493 369 1543 tellectO,
389 1494 426 1536 Τ
430 1496 672 1550 heognidea
692 1500 754 1541 sic
774 1501 1008 1552 corrigere,
1029 1503 1080 1540 ut
1099 1511 1214 1539 nunc
1235 1498 1355 1539 edita
1373 1498 1606 1550 leguntur:

351 1551 555 1609 Χρήματα
574 1555 606 1595 δ’
621 1557 649 1612 ᾦ
665 1556 782 1598 διόθεν
795 1557 859 1598 καῖ
879 1556 941 1598 σὺν
954 1556 1040 1612 δίκῃ
1058 1555 1158 1611 ἀνδρὶ
1176 1558 1332 1604 *γένηται

408 1610 490 1652 Καὶ
511 1612 704 1670 καθαρῶς,
726 1614 797 1655 αἰεὶ
817 1616 1055 1671 παρμόνιμον
1071 1612 1234 1655 τελέθει.

178 1666 425 1711 Brunckius
459 1671 514 1711 ad
546 1673 587 1712 h.
622 1674 651 1714 l.
681 1672 856 1727 p.·28l.
918 1676 946 1696 “
961 1673 1214 1727 παρμόνιμον.
1247 1669 1444 1725 Syncope
1464 1681 1546 1724 pro
1565 1687 1692 1726 ωαρα-

175 1727 345 1774 μόνιμον.
404 1727 477 1768 Sic
510 1731 779 1784 conjunctim
801 1731 933 1772 scribi
963 1730 1130 1772 debuit.
1190 1727 1241 1770 In
1274 1729 1417 1770 tribus
1446 1728 1571 1769 codd.
1608 1735 1694 1770 vox

176 1785 290 1826 male
324 1785 371 1826 in
391 1785 499 1827 duas
517 1785 656 1830 divisa
676 1788 759 1844 πὰρ
784 1790 952 1837 μόνιμον.
1013 1786 1119 1829 Inde
1148 1787 1389 1841 depravata
1425 1785 1527 1826 Aldi
1561 1787 1692 1828 lectio

174 1842 251 1898 «γὰρ
290 1843 488 1890 μόνιμον.”
567 1845 640 1888 Sic
677 1850 772 1888 tota
804 1851 1016 1899 tanquam
1051 1847 1157 1887 flatu
1197 1845 1416 1897 disjicitur
1456 1841 1691 1885 Bernholdi

174 1900 428 1954 disputatio,
450 1915 583 1954 quam
617 1904 690 1946 vix
721 1905 828 1946 mihi
859 1904 1100 1958 temperavi
1133 1915 1220 1956 quo
1256 1903 1400 1942 minus
1431 1901 1691 1943 inducerem.

175 1957 262 1998 Sed
284 1958 486 2000 nimirum
525 1963 708 2003 verebar
729 1962 1089 2017 reprehensiones
1123 1961 1408 2014 querelasque
1429 1971 1598 2009 eorum,
1618 1961 1690 2014 qui

176 2015 326 2056 omnia
342 2016 425 2056 sibi
447 2018 618 2061 illibata
638 2020 760 2061 reddi
779 2021 1067 2075 postularent.
1098 2017 1301 2060 SCHAEF.

477 2099 502 2127 *
523 2099 953 2150 ETEPI'ETHMA,
984 2098 1407 2143 BENEFJCIUM.»

233 2170 553 2226 Aristophanes
570 2174 763 2219 Ἐκκλησ.
802 2175 924 2217 1153.

349 2229 468 2273 Μηδὲ
490 2237 574 2274 ταῖς
585 2238 721 2275 κακαῖς
739 2235 903 2289 ἑταίραις
919 2233 981 2274 τόν
999 2250 1044 2281 «γε
1067 2231 1200 2285 τρόπον
1219 2233 1465 2287 προσεικέναι,

348 2286 406 2327 A?
417 2290 523 2336 μόνον
538 2291 694 2339 μνήμην
709 2293 840 2345 ’έχουσι
853 2294 925 2332 τῶν
945 2290 1174 2331 τελευταίων
1193 2290 1266 2330 αἰεί.

175 2345 251 2386 ubi
273 2348 346 2386 τῶν
370 2349 611 2395 τελευταίων,
635 2362 692 2390 sc.
713 2350 1040 2403 εὐεργετημάτων.
1099 2345 1255 2388 LEISN.

577 2442 600 2466 Ἐ
634 2437 906 2490 ΕΎΡΗΜΑ,
937 2438 1011 2482 ΙΝ
1017 2437 1144 2482 VEN
1149 2437 1291 2482 TUM.

236 2507 286 2551 In
320 2509 397 2551 illo
430 2507 684 2564 Pythagorae
712 2513 863 2567 εὕρηκα.
925 2512 1058 2555 Plene
1087 2513 1203 2568 apud
1227 2511 1512 2564 Herodotum,
1541 2527 1692 2567 quam-

177 2580 306 2620 quam
327 2568 372 2608 in
394 2568 484 2608 alia
503 2581 564 2615 re,
585 2569 661 2609 lib.
684 2571 758 2610 vii.
779 2584 873 2624 cap.
893 2570 935 2612 4.
966 2569 1133 2625 Εὕρημα
1148 2571 1310 2627 εὕρηκεν.
1339 2571 1553 2613 ScquB.
1584 2570 1692 2617 Rec-

177 2626 264 2667 tius
279 2624 336 2666 ad
351 2625 471 2667 illam
493 2639 639 2667 vocem
661 2628 893 2670 subaudias
908 2628 952 2669 τὸ
970 2625 1209 2682 ζητούμενον.
1234 2628 1433 2671 Seium«.

693 2722 714 2745 ³¹⁶
733 2716 919 2766 E'rXH,
951 2718 1026 2761 VO
1037 2718 1180 2762 TUM.

231 2798 288 2844 -In
321 2798 531 2853 ἀμφαδίην,
562 2800 677 2851 quod
711 2798 1111 2845 Grammaticorum
1149 2803 1327 2856 quidam
1359 2801 1473 2845 male
1506 2814 1586 2856 pro
1619 2802 1695 2843 ad-

178 2858 330 2900 verbio
358 2857 616 2899 habuerunt.
677 2855 896 2900 Homerus
926 2858 1049 2902 Iliad.
1087 2858 1145 2901 H.
1187 2874 1226 2902 v.
1268 2858 1361 2901 196.
1431 2859 1532 2900 Alio
1566 2873 1692 2901 sensu

182 2916 228 2966 in
248 2916 400 2958 eadem
435 2928 541 2956 voce
561 2913 717 2968 Odyss.
746 2913 796 2956 E.
818 2929 859 2956 v.
886 2916 980 2958 120.
1011 2919 1271 2960 subauditur
1301 2917 1378 2960 ἀπὸ
1410 2922 1526 2959 κοινοῦ
1556 2918 1598 2957 ἐκ
1627 2922 1694 2960 τοῦ

180 2971 418 3029 εὐνάζεσθαι,
457 2972 558 3018 εὐνή.
635 2971 738 3018 Vid.
772 2971 1029 3018 Eustathius
1067 2989 1112 3032 p.
1150 2975 1251 3022 212.
1289 2976 1320 3019 l.
1356 2974 1427 3019 53.
1478 2973 1688 3018 Scnwna.
