<?xml version="1.0" encoding="UTF-8"?>
<!DOCTYPE html PUBLIC "-//W3C//DTD XHTML 1.0 Transitional//EN"
    "http://www.w3.org/TR/xhtml1/DTD/xhtml1-transitional.dtd">
<html xmlns="http://www.w3.org/1999/xhtml" xml:lang="en" lang="en">
 <head>
  <title>
</title>
<meta http-equiv="Content-Type" content="text/html;charset=utf-8" />
  <meta name='ocr-system' content='tesseract 3.04.00' />
  <meta name='ocr-capabilities' content='ocr_page ocr_carea ocr_par ocr_line ocrx_word'/>
</head>
<body>
  <div class='ocr_page' id='page_1' title='image "./ellipsesgraecaec00bosluoft_0542.png"; bbox 0 0 1838 3164; ppageno 0'>
   <div class='ocr_carea' id='block_1_1' title="bbox 193 100 1269 157">
    <p class='ocr_par' dir='ltr' id='par_1_1' title="bbox 193 100 1269 157">
     <span class='ocr_line' id='line_1_1' title="bbox 193 100 1269 157; baseline 0.008 -13"><span class='ocrx_word' id='word_1_1' title='bbox 193 100 287 146; x_wconf 76' lang='grc'>496·</span> <span class='ocrx_word' id='word_1_2' title='bbox 626 115 824 153; x_wconf 78' lang='lat' dir='ltr'>ELLIPSIS</span> <span class='ocrx_word' id='word_1_3' title='bbox 845 116 1056 157; x_wconf 78' lang='lat' dir='ltr'>PLumuM</span> <span class='ocrx_word' id='word_1_4' title='bbox 1071 116 1269 153; x_wconf 75' lang='lat' dir='ltr'>vocum,-</span> 
     </span>
    </p>
   </div>
   <div class='ocr_carea' id='block_1_2' title="bbox 193 214 1747 332">
    <p class='ocr_par' dir='ltr' id='par_1_2' title="bbox 193 214 1747 332">
     <span class='ocr_line' id='line_1_2' title="bbox 194 214 1747 272; baseline 0.004 -14"><span class='ocrx_word' id='word_1_5' title='bbox 194 216 254 259; x_wconf 83' lang='lat' dir='ltr'>ad</span> <span class='ocrx_word' id='word_1_6' title='bbox 270 214 624 260; x_wconf 81' lang='lat' dir='ltr'><strong>constituendam</strong></span> <span class='ocrx_word' id='word_1_7' title='bbox 641 217 816 272; x_wconf 85' lang='lat' dir='ltr'>plenius</span> <span class='ocrx_word' id='word_1_8' title='bbox 833 215 1080 258; x_wconf 81' lang='lat' dir='ltr'>orationem</span> <span class='ocrx_word' id='word_1_9' title='bbox 1102 220 1291 258; x_wconf 81' lang='lat' dir='ltr'>addatur</span> <span class='ocrx_word' id='word_1_10' title='bbox 1320 223 1586 268; x_wconf 81' lang='lat' dir='ltr'>necesse-est</span> <span class='ocrx_word' id='word_1_11' title='bbox 1615 221 1714 269; x_wconf 68' lang='grc' dir='ltr'><em>ὥστε</em></span> <span class='ocrx_word' id='word_1_12' title='bbox 1740 256 1747 271; x_wconf 86' lang='grc'>,</span> 
     </span>
     <span class='ocr_line' id='line_1_3' title="bbox 193 273 1713 332; baseline 0.005 -17"><span class='ocrx_word' id='word_1_13' title='bbox 193 277 414 324; x_wconf 80' lang='grc' dir='ltr'><strong><em>συντεμόντι</em></strong></span> <span class='ocrx_word' id='word_1_14' title='bbox 445 277 550 332; x_wconf 82' lang='grc' dir='ltr'>λόγῳ</span> <span class='ocrx_word' id='word_1_15' title='bbox 586 277 719 317; x_wconf 79' lang='grc' dir='ltr'><em>εἰπεῖν.</em></span> <span class='ocrx_word' id='word_1_16' title='bbox 778 273 1070 316; x_wconf 85' lang='lat' dir='ltr'>Luculentum</span> <span class='ocrx_word' id='word_1_17' title='bbox 1108 276 1290 330; x_wconf 81' lang='lat' dir='ltr'>integrae</span> <span class='ocrx_word' id='word_1_18' title='bbox 1310 278 1526 320; x_wconf 87' lang='lat' dir='ltr'>orationis</span> <span class='ocrx_word' id='word_1_19' title='bbox 1553 280 1599 320; x_wconf 89' lang='lat' dir='ltr'>in</span> <span class='ocrx_word' id='word_1_20' title='bbox 1630 280 1713 323; x_wconf 87' lang='lat' dir='ltr'>hac</span> 
     </span>
    </p>
   </div>
   <div class='ocr_carea' id='block_1_3' title="bbox 122 332 1714 390">
    <p class='ocr_par' dir='ltr' id='par_1_3' title="bbox 122 332 1714 390">
     <span class='ocr_line' id='line_1_4' title="bbox 122 332 1714 390; baseline 0.003 -16"><span class='ocrx_word' id='word_1_21' title='bbox 122 379 126 384; x_wconf 50' lang='grc'>,</span> <span class='ocrx_word' id='word_1_22' title='bbox 191 334 400 387; x_wconf 88' lang='lat' dir='ltr'>loquendi</span> <span class='ocrx_word' id='word_1_23' title='bbox 420 333 630 382; x_wconf 87' lang='lat' dir='ltr'>formula,</span> <span class='ocrx_word' id='word_1_24' title='bbox 649 332 885 375; x_wconf 89' lang='lat' dir='ltr'>dummodo</span> <span class='ocrx_word' id='word_1_25' title='bbox 915 334 965 373; x_wconf 81' lang='grc' dir='ltr'>ὡς</span> <span class='ocrx_word' id='word_1_26' title='bbox 997 333 1065 372; x_wconf 87' lang='lat' dir='ltr'>vel</span> <span class='ocrx_word' id='word_1_27' title='bbox 1101 333 1198 373; x_wconf 76' lang='grc' dir='ltr'><em>ὥστε</em></span> <span class='ocrx_word' id='word_1_28' title='bbox 1234 333 1437 383; x_wconf 83' lang='lat' dir='ltr'>addatur,</span> <span class='ocrx_word' id='word_1_29' title='bbox 1467 337 1714 390; x_wconf 85' lang='lat' dir='ltr'>exemplum</span> 
     </span>
    </p>
   </div>
   <div class='ocr_carea' id='block_1_4' title="bbox 182 389 1735 2991">
    <p class='ocr_par' dir='ltr' id='par_1_4' title="bbox 182 389 1735 2991">
     <span class='ocr_line' id='line_1_5' title="bbox 190 389 1713 445; baseline 0.002 -11"><span class='ocrx_word' id='word_1_30' title='bbox 190 393 403 445; x_wconf 80' lang='lat' dir='ltr'>suggerit.</span> <span class='ocrx_word' id='word_1_31' title='bbox 424 390 671 434; x_wconf 87' lang='lat' dir='ltr'>Herodotus</span> <span class='ocrx_word' id='word_1_32' title='bbox 704 392 782 432; x_wconf 91' lang='lat' dir='ltr'>lib.</span> <span class='ocrx_word' id='word_1_33' title='bbox 815 390 879 431; x_wconf 90' lang='lat' dir='ltr'>iii.</span> <span class='ocrx_word' id='word_1_34' title='bbox 916 405 953 431; x_wconf 90' lang='lat' dir='ltr'>c.</span> <span class='ocrx_word' id='word_1_35' title='bbox 982 389 1055 431; x_wconf 75' lang='lat'>82.</span> <span class='ocrx_word' id='word_1_36' title='bbox 1096 389 1182 431; x_wconf 79' lang='grc' dir='ltr'>Ἑνὶ</span> <span class='ocrx_word' id='word_1_37' title='bbox 1210 390 1249 432; x_wconf 72' lang='grc' dir='ltr'>δὲ</span> <span class='ocrx_word' id='word_1_38' title='bbox 1283 391 1370 432; x_wconf 76' lang='grc' dir='ltr'><em>’ἐπεῖ</em></span> <span class='ocrx_word' id='word_1_39' title='bbox 1398 393 1534 435; x_wconf 70' lang='grc' dir='ltr'><em>πάντα</em></span> <span class='ocrx_word' id='word_1_40' title='bbox 1567 401 1713 437; x_wconf 85' lang='grc' dir='ltr'><em>συλλα-</em></span> 
     </span>
     <span class='ocr_line' id='line_1_6' title="bbox 192 448 1715 502; baseline 0.002 -12"><span class='ocrx_word' id='word_1_41' title='bbox 192 450 313 497; x_wconf 80' lang='grc' dir='ltr'><em>βόντα</em></span> <span class='ocrx_word' id='word_1_42' title='bbox 333 451 463 491; x_wconf 75' lang='grc' dir='ltr'><em>εἰπεῖν.</em></span> <span class='ocrx_word' id='word_1_43' title='bbox 521 449 595 491; x_wconf 85' lang='lat' dir='ltr'>Sic</span> <span class='ocrx_word' id='word_1_44' title='bbox 624 449 761 491; x_wconf 89' lang='lat' dir='ltr'>etiam</span> <span class='ocrx_word' id='word_1_45' title='bbox 781 449 830 488; x_wconf 92' lang='lat' dir='ltr'>in</span> <span class='ocrx_word' id='word_1_46' title='bbox 864 448 1071 502; x_wconf 88' lang='lat' dir='ltr'>ellipticis</span> <span class='ocrx_word' id='word_1_47' title='bbox 1100 448 1395 490; x_wconf 91' lang='lat' dir='ltr'>locutionibus</span> <span class='ocrx_word' id='word_1_48' title='bbox 1415 449 1461 490; x_wconf 80' lang='grc' dir='ltr'>τὸ</span> <span class='ocrx_word' id='word_1_49' title='bbox 1491 450 1652 500; x_wconf 61' lang='grc' dir='ltr'>λοιπὸν,Δ</span> <span class='ocrx_word' id='word_1_50' title='bbox 1669 452 1715 493; x_wconf 74' lang='grc' dir='ltr'>τὸ</span> 
     </span>
     <span class='ocr_line' id='line_1_7' title="bbox 191 505 1714 561; baseline 0.002 -14"><span class='ocrx_word' id='word_1_51' title='bbox 191 507 293 556; x_wconf 77' lang='grc' dir='ltr'><em>ὅλον,</em></span> <span class='ocrx_word' id='word_1_52' title='bbox 324 507 368 548; x_wconf 73' lang='grc' dir='ltr'>τὸ</span> <span class='ocrx_word' id='word_1_53' title='bbox 406 507 627 561; x_wconf 71' lang='grc' dir='ltr'><em>κεφάλαιον,</em></span> <span class='ocrx_word' id='word_1_54' title='bbox 674 505 871 561; x_wconf 83' lang='lat' dir='ltr'>suppleri</span> <span class='ocrx_word' id='word_1_55' title='bbox 907 505 1038 547; x_wconf 75' lang='lat' dir='ltr'>debet</span> <span class='ocrx_word' id='word_1_56' title='bbox 1081 505 1178 546; x_wconf 73' lang='grc' dir='ltr'><em>ὥστε</em></span> <span class='ocrx_word' id='word_1_57' title='bbox 1204 506 1250 547; x_wconf 79' lang='grc' dir='ltr'>τὸ</span> <span class='ocrx_word' id='word_1_58' title='bbox 1278 506 1422 558; x_wconf 76' lang='grc' dir='ltr'><em>λοιπὸν,</em></span> <span class='ocrx_word' id='word_1_59' title='bbox 1452 507 1508 548; x_wconf 73' lang='grc' dir='ltr'>τὸ.</span> <span class='ocrx_word' id='word_1_60' title='bbox 1532 508 1633 557; x_wconf 78' lang='grc' dir='ltr'><em>ὅλον,</em></span> <span class='ocrx_word' id='word_1_61' title='bbox 1667 509 1714 550; x_wconf 68' lang='grc' dir='ltr'>τὸ</span> 
     </span>
     <span class='ocr_line' id='line_1_8' title="bbox 191 562 1711 618; baseline 0.001 -13"><span class='ocrx_word' id='word_1_62' title='bbox 191 566 395 618; x_wconf 71' lang='grc' dir='ltr'><em>κεφάλαιον</em></span> <span class='ocrx_word' id='word_1_63' title='bbox 427 568 557 607; x_wconf 79' lang='grc' dir='ltr'><em>εἰπεῖν.</em></span> <span class='ocrx_word' id='word_1_64' title='bbox 617 562 668 606; x_wconf 93' lang='lat' dir='ltr'>In</span> <span class='ocrx_word' id='word_1_65' title='bbox 690 562 906 618; x_wconf 89' lang='lat' dir='ltr'>ejusmodi</span> <span class='ocrx_word' id='word_1_66' title='bbox 926 563 1146 612; x_wconf 86' lang='lat' dir='ltr'>formulis,</span> <span class='ocrx_word' id='word_1_67' title='bbox 1182 564 1436 607; x_wconf 80' lang='lat' dir='ltr'>Graeeorum</span> <span class='ocrx_word' id='word_1_68' title='bbox 1456 578 1595 612; x_wconf 90' lang='lat' dir='ltr'>more,</span> <span class='ocrx_word' id='word_1_69' title='bbox 1626 564 1711 607; x_wconf 68' lang='lat' dir='ltr'>La.-</span> 
     </span>
     <span class='ocr_line' id='line_1_9' title="bbox 188 620 1710 676; baseline 0.001 -13"><span class='ocrx_word' id='word_1_70' title='bbox 188 623 272 665; x_wconf 80' lang='lat' dir='ltr'>tini</span> <span class='ocrx_word' id='word_1_71' title='bbox 315 635 488 676; x_wconf 83' lang='lat' dir='ltr'>quoque</span> <span class='ocrx_word' id='word_1_72' title='bbox 519 625 768 664; x_wconf 78' lang='grc' dir='ltr'><em>ἐλλειπτικῶς</em></span> <span class='ocrx_word' id='word_1_73' title='bbox 798 621 920 674; x_wconf 85' lang='lat' dir='ltr'>loqui</span> <span class='ocrx_word' id='word_1_74' title='bbox 962 624 1127 662; x_wconf 78' lang='lat' dir='ltr'>amant.</span> <span class='ocrx_word' id='word_1_75' title='bbox 1203 621 1278 664; x_wconf 83' lang='lat' dir='ltr'>Sic</span> <span class='ocrx_word' id='word_1_76' title='bbox 1316 620 1429 665; x_wconf 86' lang='lat' dir='ltr'>Cato</span> <span class='ocrx_word' id='word_1_77' title='bbox 1465 624 1521 665; x_wconf 86' lang='lat' dir='ltr'>de</span> <span class='ocrx_word' id='word_1_78' title='bbox 1558 621 1615 664; x_wconf 84' lang='lat' dir='ltr'>R.</span> <span class='ocrx_word' id='word_1_79' title='bbox 1651 622 1710 666; x_wconf 84' lang='lat' dir='ltr'>R.</span> 
     </span>
     <span class='ocr_line' id='line_1_10' title="bbox 186 677 1711 735; baseline 0.001 -13"><span class='ocrx_word' id='word_1_80' title='bbox 186 695 228 722; x_wconf 89' lang='lat' dir='ltr'>c.</span> <span class='ocrx_word' id='word_1_81' title='bbox 251 681 370 724; x_wconf 77' lang='lat' dir='ltr'>clvii.</span> <span class='ocrx_word' id='word_1_82' title='bbox 389 681 431 722; x_wconf 89' lang='lat'>7.</span> <span class='ocrx_word' id='word_1_83' title='bbox 470 679 561 723; x_wconf 79' lang='lat' dir='ltr'>Uno</span> <span class='ocrx_word' id='word_1_84' title='bbox 594 678 731 729; x_wconf 73' lang='lat' dir='ltr'>verbo,</span> <span class='ocrx_word' id='word_1_85' title='bbox 771 677 915 720; x_wconf 75' lang='lat' dir='ltr'>omnia</span> <span class='ocrx_word' id='word_1_86' title='bbox 943 690 1051 720; x_wconf 78' lang='lat' dir='ltr'>Sana</span> <span class='ocrx_word' id='word_1_87' title='bbox 1073 677 1232 735; x_wconf 76' lang='lat' dir='ltr'>saciet.</span> <span class='ocrx_word' id='word_1_88' title='bbox 1263 694 1345 735; x_wconf 87' lang='lat' dir='ltr'>pro</span> <span class='ocrx_word' id='word_1_89' title='bbox 1380 695 1468 734; x_wconf 92' lang='lat' dir='ltr'>quo</span> <span class='ocrx_word' id='word_1_90' title='bbox 1496 682 1629 724; x_wconf 87' lang='lat' dir='ltr'>alias:</span> <span class='ocrx_word' id='word_1_91' title='bbox 1662 688 1711 723; x_wconf 82' lang='lat' dir='ltr'>ut</span> 
     </span>
     <span class='ocr_line' id='line_1_11' title="bbox 182 735 1711 785; baseline 0 -5"><span class='ocrx_word' id='word_1_92' title='bbox 182 751 271 780; x_wconf 79' lang='lat' dir='ltr'>uno</span> <span class='ocrx_word' id='word_1_93' title='bbox 290 737 412 780; x_wconf 76' lang='lat' dir='ltr'>verbo</span> <span class='ocrx_word' id='word_1_94' title='bbox 434 737 573 780; x_wconf 73' lang='lat' dir='ltr'>dicam</span> <span class='ocrx_word' id='word_1_95' title='bbox 588 752 602 780; x_wconf 83' lang='grc'>.-</span> <span class='ocrx_word' id='word_1_96' title='bbox 631 738 716 785; x_wconf 85' lang='lat' dir='ltr'>vel,</span> <span class='ocrx_word' id='word_1_97' title='bbox 737 741 788 779; x_wconf 89' lang='lat' dir='ltr'>ut</span> <span class='ocrx_word' id='word_1_98' title='bbox 806 736 988 778; x_wconf 86' lang='lat' dir='ltr'>Plautus</span> <span class='ocrx_word' id='word_1_99' title='bbox 1006 735 1119 778; x_wconf 86' lang='lat' dir='ltr'>Rud.</span> <span class='ocrx_word' id='word_1_100' title='bbox 1139 741 1225 779; x_wconf 85' lang='lat' dir='ltr'>act.</span> <span class='ocrx_word' id='word_1_101' title='bbox 1246 739 1310 779; x_wconf 90' lang='lat' dir='ltr'>iii.</span> <span class='ocrx_word' id='word_1_102' title='bbox 1333 752 1391 781; x_wconf 90' lang='lat' dir='ltr'>sc.</span> <span class='ocrx_word' id='word_1_103' title='bbox 1416 740 1464 781; x_wconf 92' lang='lat' dir='ltr'>ii.</span> <span class='ocrx_word' id='word_1_104' title='bbox 1483 739 1554 781; x_wconf 84' lang='lat'>39.</span> <span class='ocrx_word' id='word_1_105' title='bbox 1621 738 1711 781; x_wconf 76' lang='lat' dir='ltr'>Uno</span> 
     </span>
     <span class='ocr_line' id='line_1_12' title="bbox 185 795 1711 850; baseline 0.001 -13"><span class='ocrx_word' id='word_1_106' title='bbox 185 795 310 838; x_wconf 76' lang='lat' dir='ltr'>verbo</span> <span class='ocrx_word' id='word_1_107' title='bbox 339 795 560 838; x_wconf 71' lang='lat' dir='ltr'>absolvam.</span> <span class='ocrx_word' id='word_1_108' title='bbox 621 795 818 837; x_wconf 89' lang='lat' dir='ltr'>Plurium</span> <span class='ocrx_word' id='word_1_109' title='bbox 839 795 975 836; x_wconf 86' lang='lat' dir='ltr'>etiam</span> <span class='ocrx_word' id='word_1_110' title='bbox 1007 807 1165 835; x_wconf 89' lang='lat' dir='ltr'>vocum</span> <span class='ocrx_word' id='word_1_111' title='bbox 1196 796 1364 850; x_wconf 85' lang='lat' dir='ltr'>ellipsis</span> <span class='ocrx_word' id='word_1_112' title='bbox 1389 801 1457 839; x_wconf 90' lang='lat' dir='ltr'>est</span> <span class='ocrx_word' id='word_1_113' title='bbox 1492 798 1540 844; x_wconf 86' lang='lat' dir='ltr'>in</span> <span class='ocrx_word' id='word_1_114' title='bbox 1574 799 1711 839; x_wconf 85' lang='lat' dir='ltr'>variis</span> 
     </span>
     <span class='ocr_line' id='line_1_13' title="bbox 185 853 1708 910; baseline 0.001 -15"><span class='ocrx_word' id='word_1_115' title='bbox 185 853 412 895; x_wconf 74' lang='lat' dir='ltr'>salutandi</span> <span class='ocrx_word' id='word_1_116' title='bbox 437 853 641 895; x_wconf 86' lang='lat' dir='ltr'>formulis</span> <span class='ocrx_word' id='word_1_117' title='bbox 672 853 792 908; x_wconf 89' lang='lat' dir='ltr'>apud</span> <span class='ocrx_word' id='word_1_118' title='bbox 824 856 991 894; x_wconf 86' lang='lat' dir='ltr'>veteres</span> <span class='ocrx_word' id='word_1_119' title='bbox 1019 853 1212 900; x_wconf 84' lang='lat' dir='ltr'>usitatis,</span> <span class='ocrx_word' id='word_1_120' title='bbox 1248 854 1413 910; x_wconf 67' lang='grc' dir='ltr'><em>χαίρειν,</em></span> <span class='ocrx_word' id='word_1_121' title='bbox 1434 853 1475 895; x_wconf 71' lang='grc' dir='ltr'><em>εὖ</em></span> <span class='ocrx_word' id='word_1_122' title='bbox 1503 854 1708 909; x_wconf 71' lang='grc' dir='ltr'><em>πράττειν,</em></span> 
     </span>
     <span class='ocr_line' id='line_1_14' title="bbox 189 910 1710 964; baseline 0.001 -12"><span class='ocrx_word' id='word_1_123' title='bbox 189 910 232 952; x_wconf 75' lang='grc' dir='ltr'><em>εἶι</em></span> <span class='ocrx_word' id='word_1_124' title='bbox 260 911 412 960; x_wconf 64' lang='grc' dir='ltr'><em>διάγειν,</em></span> <span class='ocrx_word' id='word_1_125' title='bbox 446 912 634 960; x_wconf 77' lang='grc' dir='ltr'><em>ὑγιαίνειν,</em></span> <span class='ocrx_word' id='word_1_126' title='bbox 678 912 732 952; x_wconf 91' lang='lat' dir='ltr'>de</span> <span class='ocrx_word' id='word_1_127' title='bbox 765 911 928 964; x_wconf 90' lang='lat' dir='ltr'>quibus</span> <span class='ocrx_word' id='word_1_128' title='bbox 965 910 1106 951; x_wconf 87' lang='lat' dir='ltr'>videri</span> <span class='ocrx_word' id='word_1_129' title='bbox 1140 915 1325 964; x_wconf 83' lang='lat' dir='ltr'>possunt</span> <span class='ocrx_word' id='word_1_130' title='bbox 1359 912 1496 953; x_wconf 91' lang='lat' dir='ltr'>schol.</span> <span class='ocrx_word' id='word_1_131' title='bbox 1537 911 1618 963; x_wconf 79' lang='lat' dir='ltr'>Gr.</span> <span class='ocrx_word' id='word_1_132' title='bbox 1653 913 1710 954; x_wconf 89' lang='lat' dir='ltr'>ad</span> 
     </span>
     <span class='ocr_line' id='line_1_15' title="bbox 187 966 1710 1024; baseline 0 -14"><span class='ocrx_word' id='word_1_133' title='bbox 187 968 498 1024; x_wconf 83' lang='lat' dir='ltr'>Aristophanis</span> <span class='ocrx_word' id='word_1_134' title='bbox 531 968 647 1011; x_wconf 89' lang='lat' dir='ltr'>Nub.</span> <span class='ocrx_word' id='word_1_135' title='bbox 686 981 776 1010; x_wconf 85' lang='lat' dir='ltr'>ver.</span> <span class='ocrx_word' id='word_1_136' title='bbox 809 966 905 1010; x_wconf 78' lang='lat'>609.</span> <span class='ocrx_word' id='word_1_137' title='bbox 968 966 1191 1009; x_wconf 89' lang='lat' dir='ltr'>Nimirum</span> <span class='ocrx_word' id='word_1_138' title='bbox 1223 969 1452 1010; x_wconf 85' lang='lat' dir='ltr'>subaudiri</span> <span class='ocrx_word' id='word_1_139' title='bbox 1483 972 1630 1024; x_wconf 86' lang='lat' dir='ltr'>potest</span> <span class='ocrx_word' id='word_1_140' title='bbox 1662 971 1710 1010; x_wconf 90' lang='lat' dir='ltr'>in</span> 
     </span>
     <span class='ocr_line' id='line_1_16' title="bbox 186 1024 1712 1081; baseline 0 -13"><span class='ocrx_word' id='word_1_141' title='bbox 186 1027 262 1076; x_wconf 88' lang='lat' dir='ltr'>iis,</span> <span class='ocrx_word' id='word_1_142' title='bbox 284 1030 328 1068; x_wconf 89' lang='lat' dir='ltr'>et</span> <span class='ocrx_word' id='word_1_143' title='bbox 357 1040 515 1068; x_wconf 89' lang='lat' dir='ltr'>nomen</span> <span class='ocrx_word' id='word_1_144' title='bbox 541 1024 778 1075; x_wconf 72' lang='lat' dir='ltr'>scribentis,</span> <span class='ocrx_word' id='word_1_145' title='bbox 808 1030 854 1068; x_wconf 88' lang='lat' dir='ltr'>et</span> <span class='ocrx_word' id='word_1_146' title='bbox 886 1024 1007 1066; x_wconf 72' lang='lat' dir='ltr'>illius</span> <span class='ocrx_word' id='word_1_147' title='bbox 1036 1025 1094 1067; x_wconf 79' lang='lat' dir='ltr'>ad</span> <span class='ocrx_word' id='word_1_148' title='bbox 1120 1038 1245 1081; x_wconf 79' lang='lat' dir='ltr'>quem</span> <span class='ocrx_word' id='word_1_149' title='bbox 1277 1025 1503 1074; x_wconf 75' lang='lat' dir='ltr'>scribitur;</span> <span class='ocrx_word' id='word_1_150' title='bbox 1532 1024 1583 1068; x_wconf 78' lang='lat' dir='ltr'>&#39;ut</span> <span class='ocrx_word' id='word_1_151' title='bbox 1602 1026 1712 1069; x_wconf 85' lang='lat' dir='ltr'>adeo</span> 
     </span>
     <span class='ocr_line' id='line_1_17' title="bbox 187 1081 1710 1139; baseline 0 -13"><span class='ocrx_word' id='word_1_152' title='bbox 187 1086 364 1138; x_wconf 84' lang='lat' dir='ltr'>integra</span> <span class='ocrx_word' id='word_1_153' title='bbox 382 1086 525 1126; x_wconf 87' lang='lat' dir='ltr'>oratio</span> <span class='ocrx_word' id='word_1_154' title='bbox 557 1086 647 1126; x_wconf 85' lang='lat' dir='ltr'>haec</span> <span class='ocrx_word' id='word_1_155' title='bbox 678 1085 807 1133; x_wconf 87' lang='lat' dir='ltr'>foret,</span> <span class='ocrx_word' id='word_1_156' title='bbox 844 1097 882 1126; x_wconf 89' lang='lat' dir='ltr'>e.</span> <span class='ocrx_word' id='word_1_157' title='bbox 904 1097 947 1136; x_wconf 88' lang='lat' dir='ltr'>g.</span> <span class='ocrx_word' id='word_1_158' title='bbox 975 1081 1139 1138; x_wconf 61' lang='grc' dir='ltr'><em>Τρύφων</em></span> <span class='ocrx_word' id='word_1_159' title='bbox 1165 1081 1289 1124; x_wconf 83' lang='grc' dir='ltr'><em>Θέωνι</em></span> <span class='ocrx_word' id='word_1_160' title='bbox 1317 1086 1421 1132; x_wconf 80' lang='grc' dir='ltr'><em>λέγει</em></span> <span class='ocrx_word' id='word_1_161' title='bbox 1452 1085 1517 1127; x_wconf 88' lang='lat' dir='ltr'>vel</span> <span class='ocrx_word' id='word_1_162' title='bbox 1548 1084 1710 1139; x_wconf 71' lang='grc' dir='ltr'><em>εὔχεται</em></span> 
     </span>
     <span class='ocr_line' id='line_1_18' title="bbox 185 1140 1709 1198; baseline 0 -15"><span class='ocrx_word' id='word_1_163' title='bbox 185 1144 350 1198; x_wconf 80' lang='grc' dir='ltr'><em>χαίρειν.</em></span> <span class='ocrx_word' id='word_1_164' title='bbox 411 1141 572 1184; x_wconf 90' lang='lat' dir='ltr'>Eadem</span> <span class='ocrx_word' id='word_1_165' title='bbox 593 1155 694 1184; x_wconf 87' lang='lat' dir='ltr'>vero</span> <span class='ocrx_word' id='word_1_166' title='bbox 728 1143 845 1184; x_wconf 84' lang='lat' dir='ltr'>ratio</span> <span class='ocrx_word' id='word_1_167' title='bbox 866 1147 935 1183; x_wconf 88' lang='lat' dir='ltr'>est</span> <span class='ocrx_word' id='word_1_168' title='bbox 954 1142 1091 1182; x_wconf 88' lang='lat' dir='ltr'>etiam</span> <span class='ocrx_word' id='word_1_169' title='bbox 1121 1141 1167 1182; x_wconf 93' lang='lat' dir='ltr'>in</span> <span class='ocrx_word' id='word_1_170' title='bbox 1203 1142 1280 1182; x_wconf 85' lang='lat' dir='ltr'>illa</span> <span class='ocrx_word' id='word_1_171' title='bbox 1309 1140 1583 1184; x_wconf 77' lang='lat' dir='ltr'>valedicendi</span> <span class='ocrx_word' id='word_1_172' title='bbox 1619 1143 1709 1184; x_wconf 85' lang='lat' dir='ltr'>for-</span> 
     </span>
     <span class='ocr_line' id='line_1_19' title="bbox 188 1198 1710 1256; baseline 0.001 -16"><span class='ocrx_word' id='word_1_173' title='bbox 188 1201 325 1249; x_wconf 87' lang='lat' dir='ltr'>mula,</span> <span class='ocrx_word' id='word_1_174' title='bbox 365 1202 544 1256; x_wconf 77' lang='grc' dir='ltr'><em>ῥωννύειν,</em></span> <span class='ocrx_word' id='word_1_175' title='bbox 587 1202 877 1256; x_wconf 69' lang='grc' dir='ltr'><em>ἀπαρεμφάτως</em></span> <span class='ocrx_word' id='word_1_176' title='bbox 919 1200 1080 1255; x_wconf 89' lang='lat' dir='ltr'>posita.</span> <span class='ocrx_word' id='word_1_177' title='bbox 1163 1198 1298 1241; x_wconf 85' lang='lat' dir='ltr'>Plene</span> <span class='ocrx_word' id='word_1_178' title='bbox 1336 1202 1455 1242; x_wconf 90' lang='lat' dir='ltr'>enim</span> <span class='ocrx_word' id='word_1_179' title='bbox 1492 1200 1710 1243; x_wconf 81' lang='lat' dir='ltr'>diceretur</span> 
     </span>
     <span class='ocr_line' id='line_1_20' title="bbox 186 1255 1711 1313; baseline 0.001 -15"><span class='ocrx_word' id='word_1_180' title='bbox 186 1255 350 1313; x_wconf 61' lang='grc' dir='ltr'><em>Τρύφων</em></span> <span class='ocrx_word' id='word_1_181' title='bbox 370 1257 495 1299; x_wconf 80' lang='grc' dir='ltr'><em>Θέωνι</em></span> <span class='ocrx_word' id='word_1_182' title='bbox 515 1260 619 1307; x_wconf 76' lang='grc' dir='ltr'><em>λέγει</em></span> <span class='ocrx_word' id='word_1_183' title='bbox 647 1260 714 1300; x_wconf 85' lang='lat' dir='ltr'>vel</span> <span class='ocrx_word' id='word_1_184' title='bbox 737 1260 897 1311; x_wconf 74' lang='grc' dir='ltr'><em>εὔχεται</em></span> <span class='ocrx_word' id='word_1_185' title='bbox 929 1260 1103 1313; x_wconf 77' lang='grc' dir='ltr'><em>ῥωννύειν.</em></span> <span class='ocrx_word' id='word_1_186' title='bbox 1134 1258 1223 1299; x_wconf 78' lang='lat' dir='ltr'>Vid-</span> <span class='ocrx_word' id='word_1_187' title='bbox 1246 1259 1511 1312; x_wconf 78' lang='lat' dir='ltr'>Apollonius</span> <span class='ocrx_word' id='word_1_188' title='bbox 1532 1257 1711 1313; x_wconf 80' lang='lat' dir='ltr'>Dyscol-</span> 
     </span>
     <span class='ocr_line' id='line_1_21' title="bbox 186 1313 1709 1371; baseline 0.001 -16"><span class='ocrx_word' id='word_1_189' title='bbox 186 1316 242 1356; x_wconf 91' lang='lat' dir='ltr'>de</span> <span class='ocrx_word' id='word_1_190' title='bbox 275 1314 400 1369; x_wconf 87' lang='lat' dir='ltr'>Synt.</span> <span class='ocrx_word' id='word_1_191' title='bbox 433 1317 511 1357; x_wconf 89' lang='lat' dir='ltr'>lib.</span> <span class='ocrx_word' id='word_1_192' title='bbox 535 1314 612 1357; x_wconf 77' lang='lat' dir='ltr'>iii.¹</span> <span class='ocrx_word' id='word_1_193' title='bbox 632 1330 676 1371; x_wconf 90' lang='lat' dir='ltr'>p.</span> <span class='ocrx_word' id='word_1_194' title='bbox 697 1315 794 1370; x_wconf 52' lang='lat'>232.</span> <span class='ocrx_word' id='word_1_195' title='bbox 816 1329 909 1369; x_wconf 90' lang='lat' dir='ltr'>sqq.</span> <span class='ocrx_word' id='word_1_196' title='bbox 972 1313 1150 1368; x_wconf 81' lang='lat' dir='ltr'>Regnat</span> <span class='ocrx_word' id='word_1_197' title='bbox 1181 1317 1227 1356; x_wconf 90' lang='lat' dir='ltr'>in</span> <span class='ocrx_word' id='word_1_198' title='bbox 1261 1317 1419 1369; x_wconf 89' lang='lat' dir='ltr'>primis</span> <span class='ocrx_word' id='word_1_199' title='bbox 1447 1316 1630 1370; x_wconf 85' lang='lat' dir='ltr'>Ellipsis</span> <span class='ocrx_word' id='word_1_200' title='bbox 1661 1317 1709 1357; x_wconf 88' lang='lat' dir='ltr'>in</span> 
     </span>
     <span class='ocr_line' id='line_1_22' title="bbox 187 1371 1708 1427; baseline 0.001 -14"><span class='ocrx_word' id='word_1_201' title='bbox 187 1371 455 1422; x_wconf 84' lang='lat' dir='ltr'>Proverbiis,</span> <span class='ocrx_word' id='word_1_202' title='bbox 475 1386 569 1426; x_wconf 85' lang='lat' dir='ltr'>quae</span> <span class='ocrx_word' id='word_1_203' title='bbox 589 1375 626 1415; x_wconf 91' lang='lat' dir='ltr'>si</span> <span class='ocrx_word' id='word_1_204' title='bbox 650 1375 825 1427; x_wconf 84' lang='lat' dir='ltr'>integra</span> <span class='ocrx_word' id='word_1_205' title='bbox 842 1374 1127 1421; x_wconf 86' lang='lat' dir='ltr'>referrentur,</span> <span class='ocrx_word' id='word_1_206' title='bbox 1143 1386 1316 1414; x_wconf 89' lang='lat' dir='ltr'>omnem</span> <span class='ocrx_word' id='word_1_207' title='bbox 1338 1374 1590 1415; x_wconf 83' lang='lat' dir='ltr'>amitterent</span> <span class='ocrx_word' id='word_1_208' title='bbox 1609 1386 1708 1426; x_wconf 87' lang='lat' dir='ltr'>gra-</span> 
     </span>
     <span class='ocr_line' id='line_1_23' title="bbox 185 1428 1710 1485; baseline 0.001 -14"><span class='ocrx_word' id='word_1_209' title='bbox 185 1432 298 1472; x_wconf 83' lang='lat' dir='ltr'>tiam</span> <span class='ocrx_word' id='word_1_210' title='bbox 331 1436 465 1485; x_wconf 81' lang='lat' dir='ltr'>atque</span> <span class='ocrx_word' id='word_1_211' title='bbox 491 1435 777 1473; x_wconf 84' lang='lat' dir='ltr'>venustatem.</span> <span class='ocrx_word' id='word_1_212' title='bbox 837 1429 888 1471; x_wconf 91' lang='grc' dir='ltr'>Ε.</span> <span class='ocrx_word' id='word_1_213' title='bbox 924 1444 967 1483; x_wconf 85' lang='lat' dir='ltr'>g.</span> <span class='ocrx_word' id='word_1_214' title='bbox 994 1428 1077 1471; x_wconf 71' lang='lat' dir='ltr'>&#39;“Ts</span> <span class='ocrx_word' id='word_1_215' title='bbox 1110 1430 1181 1472; x_wconf 68' lang='grc' dir='ltr'>τὴν</span> <span class='ocrx_word' id='word_1_216' title='bbox 1201 1428 1387 1473; x_wconf 65' lang='grc' dir='ltr'><em>Ἀθηνᾶν.</em></span> <span class='ocrx_word' id='word_1_217' title='bbox 1457 1429 1533 1470; x_wconf 84' lang='grc' dir='ltr'>Ἐκ</span> <span class='ocrx_word' id='word_1_218' title='bbox 1560 1430 1710 1478; x_wconf 63' lang='grc' dir='ltr'><em>παντὸς</em></span> 
     </span>
     <span class='ocr_line' id='line_1_24' title="bbox 188 1486 1708 1542; baseline -0.001 -13"><span class='ocrx_word' id='word_1_219' title='bbox 188 1487 320 1539; x_wconf 79' lang='grc' dir='ltr'>ξύλου.</span> <span class='ocrx_word' id='word_1_220' title='bbox 381 1486 499 1530; x_wconf 77' lang='grc' dir='ltr'><em>Οῖνος</em></span> <span class='ocrx_word' id='word_1_221' title='bbox 538 1489 601 1529; x_wconf 80' lang='grc' dir='ltr'>καὶ</span> <span class='ocrx_word' id='word_1_222' title='bbox 633 1488 814 1533; x_wconf 66' lang='grc' dir='ltr'><em>ἀλήθεια.</em></span> <span class='ocrx_word' id='word_1_223' title='bbox 846 1489 901 1529; x_wconf 90' lang='lat' dir='ltr'>de</span> <span class='ocrx_word' id='word_1_224' title='bbox 935 1488 1099 1542; x_wconf 90' lang='lat' dir='ltr'>quibus</span> <span class='ocrx_word' id='word_1_225' title='bbox 1133 1488 1320 1540; x_wconf 86' lang='lat' dir='ltr'>aliisque</span> <span class='ocrx_word' id='word_1_226' title='bbox 1347 1501 1480 1541; x_wconf 90' lang='lat' dir='ltr'>quam</span> <span class='ocrx_word' id='word_1_227' title='bbox 1501 1489 1708 1542; x_wconf 83' lang='lat' dir='ltr'>plurimis</span> 
     </span>
     <span class='ocr_line' id='line_1_25' title="bbox 188 1544 1705 1601; baseline 0 -14"><span class='ocrx_word' id='word_1_228' title='bbox 188 1546 288 1587; x_wconf 88' lang='lat' dir='ltr'>vide</span> <span class='ocrx_word' id='word_1_229' title='bbox 318 1546 366 1587; x_wconf 90' lang='lat' dir='ltr'>in</span> <span class='ocrx_word' id='word_1_230' title='bbox 391 1546 643 1589; x_wconf 82' lang='lat' dir='ltr'>Proverbiis</span> <span class='ocrx_word' id='word_1_231' title='bbox 673 1546 924 1590; x_wconf 83' lang='lat' dir='ltr'>Graecorum</span> <span class='ocrx_word' id='word_1_232' title='bbox 955 1559 983 1588; x_wconf 91' lang='lat' dir='ltr'>a</span> <span class='ocrx_word' id='word_1_233' title='bbox 1016 1544 1200 1587; x_wconf 86' lang='lat' dir='ltr'>Schotto</span> <span class='ocrx_word' id='word_1_234' title='bbox 1239 1546 1372 1587; x_wconf 87' lang='lat' dir='ltr'>editis</span> <span class='ocrx_word' id='word_1_235' title='bbox 1406 1545 1616 1601; x_wconf 84' lang='lat' dir='ltr'>Antverp.</span> <span class='ocrx_word' id='word_1_236' title='bbox 1649 1545 1705 1589; x_wconf 90' lang='lat' dir='ltr'>A.</span> 
     </span>
     <span class='ocr_line' id='line_1_26' title="bbox 193 1601 1708 1659; baseline 0 -15"><span class='ocrx_word' id='word_1_237' title='bbox 193 1603 315 1645; x_wconf 82' lang='lat'>1612.</span> <span class='ocrx_word' id='word_1_238' title='bbox 347 1603 390 1646; x_wconf 85' lang='grc'>4.</span> <span class='ocrx_word' id='word_1_239' title='bbox 452 1603 670 1646; x_wconf 81' lang='lat' dir='ltr'>Praeterea</span> <span class='ocrx_word' id='word_1_240' title='bbox 698 1605 986 1659; x_wconf 81' lang='lat' dir='ltr'>perfrequens</span> <span class='ocrx_word' id='word_1_241' title='bbox 1017 1606 1085 1644; x_wconf 90' lang='lat' dir='ltr'>est</span> <span class='ocrx_word' id='word_1_242' title='bbox 1115 1601 1294 1658; x_wconf 90' lang='lat' dir='ltr'>Ellipsis</span> <span class='ocrx_word' id='word_1_243' title='bbox 1327 1605 1521 1657; x_wconf 89' lang='lat' dir='ltr'>plurium</span> <span class='ocrx_word' id='word_1_244' title='bbox 1551 1616 1708 1645; x_wconf 84' lang='lat' dir='ltr'>vocum</span> 
     </span>
     <span class='ocr_line' id='line_1_27' title="bbox 187 1659 1710 1718; baseline -0.001 -15"><span class='ocrx_word' id='word_1_245' title='bbox 187 1662 235 1702; x_wconf 92' lang='lat' dir='ltr'>in</span> <span class='ocrx_word' id='word_1_246' title='bbox 267 1663 346 1703; x_wconf 89' lang='lat' dir='ltr'>illa</span> <span class='ocrx_word' id='word_1_247' title='bbox 368 1665 623 1718; x_wconf 66' lang='grc' dir='ltr'><em>βραχυλογία</em></span> <span class='ocrx_word' id='word_1_248' title='bbox 659 1661 886 1717; x_wconf 76' lang='grc' dir='ltr'><em>Λακωνικῇ,</em></span> <span class='ocrx_word' id='word_1_249' title='bbox 917 1674 1006 1715; x_wconf 86' lang='lat' dir='ltr'>qua</span> <span class='ocrx_word' id='word_1_250' title='bbox 1037 1659 1230 1702; x_wconf 84' lang='lat' dir='ltr'>Lacones</span> <span class='ocrx_word' id='word_1_251' title='bbox 1263 1674 1356 1715; x_wconf 85' lang='lat' dir='ltr'>prae</span> <span class='ocrx_word' id='word_1_252' title='bbox 1395 1662 1498 1702; x_wconf 92' lang='lat' dir='ltr'>aliis</span> <span class='ocrx_word' id='word_1_253' title='bbox 1529 1659 1710 1704; x_wconf 84' lang='lat' dir='ltr'>Graeciae</span> 
     </span>
     <span class='ocr_line' id='line_1_28' title="bbox 184 1717 1707 1773; baseline 0 -13"><span class='ocrx_word' id='word_1_254' title='bbox 184 1720 364 1773; x_wconf 85' lang='lat' dir='ltr'>populis</span> <span class='ocrx_word' id='word_1_255' title='bbox 385 1721 580 1772; x_wconf 84' lang='lat' dir='ltr'>insignes</span> <span class='ocrx_word' id='word_1_256' title='bbox 598 1720 795 1767; x_wconf 85' lang='lat' dir='ltr'>fuerunt,</span> <span class='ocrx_word' id='word_1_257' title='bbox 819 1721 1030 1772; x_wconf 89' lang='lat' dir='ltr'>cujusque</span> <span class='ocrx_word' id='word_1_258' title='bbox 1057 1717 1320 1760; x_wconf 85' lang='lat' dir='ltr'>Plutarchus</span> <span class='ocrx_word' id='word_1_259' title='bbox 1353 1719 1400 1759; x_wconf 88' lang='lat' dir='ltr'>in</span> <span class='ocrx_word' id='word_1_260' title='bbox 1434 1718 1634 1773; x_wconf 86' lang='lat' dir='ltr'>Lycurgo</span> <span class='ocrx_word' id='word_1_261' title='bbox 1654 1732 1707 1760; x_wconf 88' lang='lat' dir='ltr'>ac</span> 
     </span>
     <span class='ocr_line' id='line_1_29' title="bbox 185 1775 1705 1831; baseline -0.001 -14"><span class='ocrx_word' id='word_1_262' title='bbox 185 1775 428 1831; x_wconf 86' lang='lat' dir='ltr'>Lysandro,</span> <span class='ocrx_word' id='word_1_263' title='bbox 469 1777 598 1820; x_wconf 88' lang='lat' dir='ltr'>Plato</span> <span class='ocrx_word' id='word_1_264' title='bbox 643 1779 689 1819; x_wconf 89' lang='lat' dir='ltr'>in</span> <span class='ocrx_word' id='word_1_265' title='bbox 725 1776 969 1829; x_wconf 82' lang='lat' dir='ltr'>Protagora</span> <span class='ocrx_word' id='word_1_266' title='bbox 1006 1777 1187 1829; x_wconf 58' lang='lat' dir='ltr'>aliique&gt;</span> <span class='ocrx_word' id='word_1_267' title='bbox 1217 1777 1526 1818; x_wconf 89' lang='lat' dir='ltr'>meminerunt.</span> <span class='ocrx_word' id='word_1_268' title='bbox 1600 1775 1705 1817; x_wconf 91' lang='lat' dir='ltr'>Non</span> 
     </span>
     <span class='ocr_line' id='line_1_30' title="bbox 185 1834 1703 1886; baseline 0 -11"><span class='ocrx_word' id='word_1_269' title='bbox 185 1836 304 1876; x_wconf 88' lang='lat' dir='ltr'>enim</span> <span class='ocrx_word' id='word_1_270' title='bbox 326 1836 468 1877; x_wconf 89' lang='lat' dir='ltr'>solum</span> <span class='ocrx_word' id='word_1_271' title='bbox 499 1837 546 1877; x_wconf 91' lang='lat' dir='ltr'>in</span> <span class='ocrx_word' id='word_1_272' title='bbox 576 1835 674 1876; x_wconf 84' lang='lat' dir='ltr'>vita</span> <span class='ocrx_word' id='word_1_273' title='bbox 702 1836 925 1878; x_wconf 90' lang='lat' dir='ltr'>communi</span> <span class='ocrx_word' id='word_1_274' title='bbox 961 1835 1114 1875; x_wconf 89' lang='lat' dir='ltr'>breves</span> <span class='ocrx_word' id='word_1_275' title='bbox 1147 1837 1274 1886; x_wconf 87' lang='lat' dir='ltr'>atque</span> <span class='ocrx_word' id='word_1_276' title='bbox 1305 1834 1469 1875; x_wconf 86' lang='lat' dir='ltr'>concisi</span> <span class='ocrx_word' id='word_1_277' title='bbox 1504 1835 1703 1886; x_wconf 86' lang='lat' dir='ltr'>fuerunt,</span> 
     </span>
     <span class='ocr_line' id='line_1_31' title="bbox 186 1891 1703 1946; baseline -0.001 -13"><span class='ocrx_word' id='word_1_278' title='bbox 186 1907 226 1934; x_wconf 77' lang='lat' dir='ltr'>e,</span> <span class='ocrx_word' id='word_1_279' title='bbox 250 1907 289 1945; x_wconf 80' lang='lat' dir='ltr'>g.</span> <span class='ocrx_word' id='word_1_280' title='bbox 311 1891 376 1934; x_wconf 54' lang='lat' dir='ltr'>*H</span> <span class='ocrx_word' id='word_1_281' title='bbox 410 1893 498 1941; x_wconf 73' lang='grc' dir='ltr'>τάν,</span> <span class='ocrx_word' id='word_1_282' title='bbox 532 1893 557 1939; x_wconf 68' lang='grc' dir='ltr'>ἢ</span> <span class='ocrx_word' id='word_1_283' title='bbox 594 1893 655 1934; x_wconf 79' lang='grc' dir='ltr'>ἐπὶ</span> <span class='ocrx_word' id='word_1_284' title='bbox 685 1895 774 1942; x_wconf 75' lang='grc' dir='ltr'>τᾶς,</span> <span class='ocrx_word' id='word_1_285' title='bbox 805 1906 901 1946; x_wconf 83' lang='lat' dir='ltr'>quae</span> <span class='ocrx_word' id='word_1_286' title='bbox 934 1893 1070 1934; x_wconf 89' lang='lat' dir='ltr'>verba</span> <span class='ocrx_word' id='word_1_287' title='bbox 1102 1895 1263 1933; x_wconf 88' lang='lat' dir='ltr'>matres</span> <span class='ocrx_word' id='word_1_288' title='bbox 1293 1891 1492 1934; x_wconf 83' lang='lat' dir='ltr'>Lacaenae</span> <span class='ocrx_word' id='word_1_289' title='bbox 1522 1892 1626 1933; x_wconf 89' lang='lat' dir='ltr'>filiis</span> <span class='ocrx_word' id='word_1_290' title='bbox 1656 1893 1703 1933; x_wconf 89' lang='lat' dir='ltr'>in</span> 
     </span>
     <span class='ocr_line' id='line_1_32' title="bbox 185 1948 1702 2006; baseline -0.001 -15"><span class='ocrx_word' id='word_1_291' title='bbox 185 1951 351 1992; x_wconf 89' lang='lat' dir='ltr'>bellum</span> <span class='ocrx_word' id='word_1_292' title='bbox 385 1951 763 2006; x_wconf 88' lang='lat' dir='ltr'>proficiscentibus</span> <span class='ocrx_word' id='word_1_293' title='bbox 794 1951 1039 1992; x_wconf 82' lang='lat' dir='ltr'>adclamare</span> <span class='ocrx_word' id='word_1_294' title='bbox 1071 1951 1298 1991; x_wconf 84' lang='lat' dir='ltr'>solebant:</span> <span class='ocrx_word' id='word_1_295' title='bbox 1330 1950 1419 1991; x_wconf 83' lang='lat' dir='ltr'>vid.</span> <span class='ocrx_word' id='word_1_296' title='bbox 1453 1962 1495 1991; x_wconf 88' lang='lat' dir='ltr'>v.</span> <span class='ocrx_word' id='word_1_297' title='bbox 1529 1948 1702 1990; x_wconf 75' lang='grc' dir='ltr'><em>Ἀσπίςε</em></span> 
     </span>
     <span class='ocr_line' id='line_1_33' title="bbox 184 2007 1704 2064; baseline -0.001 -15"><span class='ocrx_word' id='word_1_298' title='bbox 184 2009 260 2049; x_wconf 88' lang='lat' dir='ltr'>sed</span> <span class='ocrx_word' id='word_1_299' title='bbox 288 2010 424 2051; x_wconf 89' lang='lat' dir='ltr'>etiam</span> <span class='ocrx_word' id='word_1_300' title='bbox 446 2010 491 2050; x_wconf 91' lang='lat' dir='ltr'>in</span> <span class='ocrx_word' id='word_1_301' title='bbox 512 2010 711 2064; x_wconf 86' lang='lat' dir='ltr'>epistolis</span> <span class='ocrx_word' id='word_1_302' title='bbox 730 2022 907 2062; x_wconf 91' lang='lat' dir='ltr'>quoque</span> <span class='ocrx_word' id='word_1_303' title='bbox 938 2012 983 2049; x_wconf 91' lang='lat' dir='ltr'>et</span> <span class='ocrx_word' id='word_1_304' title='bbox 1014 2009 1221 2063; x_wconf 88' lang='lat' dir='ltr'>privatim</span> <span class='ocrx_word' id='word_1_305' title='bbox 1252 2011 1298 2048; x_wconf 87' lang='lat' dir='ltr'>et</span> <span class='ocrx_word' id='word_1_306' title='bbox 1324 2008 1501 2062; x_wconf 86' lang='lat' dir='ltr'>publice</span> <span class='ocrx_word' id='word_1_307' title='bbox 1528 2007 1704 2061; x_wconf 82' lang='lat' dir='ltr'>scriptis</span> 
     </span>
     <span class='ocr_line' id='line_1_34' title="bbox 186 2066 1702 2120; baseline 0 -14"><span class='ocrx_word' id='word_1_308' title='bbox 186 2067 309 2107; x_wconf 88' lang='lat' dir='ltr'>mirae</span> <span class='ocrx_word' id='word_1_309' title='bbox 355 2068 564 2109; x_wconf 85' lang='lat' dir='ltr'>brevitati</span> <span class='ocrx_word' id='word_1_310' title='bbox 610 2067 903 2114; x_wconf 73' lang='lat' dir='ltr'>studuerunt3</span> <span class='ocrx_word' id='word_1_311' title='bbox 949 2071 1000 2107; x_wconf 89' lang='lat' dir='ltr'>ut</span> <span class='ocrx_word' id='word_1_312' title='bbox 1034 2066 1169 2106; x_wconf 87' lang='lat' dir='ltr'>variis</span> <span class='ocrx_word' id='word_1_313' title='bbox 1203 2067 1414 2119; x_wconf 85' lang='lat' dir='ltr'>exemplis</span> <span class='ocrx_word' id='word_1_314' title='bbox 1447 2066 1702 2120; x_wconf 84' lang='lat' dir='ltr'>comprobat</span> 
     </span>
     <span class='ocr_line' id='line_1_35' title="bbox 184 2120 1702 2177; baseline -0.001 -13"><span class='ocrx_word' id='word_1_315' title='bbox 184 2122 454 2166; x_wconf 84' lang='lat' dir='ltr'>Scholiastes</span> <span class='ocrx_word' id='word_1_316' title='bbox 477 2124 658 2168; x_wconf 84' lang='lat' dir='ltr'>Graecus</span> <span class='ocrx_word' id='word_1_317' title='bbox 692 2124 852 2167; x_wconf 83' lang='lat' dir='ltr'>Dionis</span> <span class='ocrx_word' id='word_1_318' title='bbox 886 2123 1187 2177; x_wconf 86' lang='lat' dir='ltr'>Chrysostomi</span> <span class='ocrx_word' id='word_1_319' title='bbox 1210 2124 1266 2163; x_wconf 88' lang='lat' dir='ltr'>ad</span> <span class='ocrx_word' id='word_1_320' title='bbox 1286 2120 1411 2164; x_wconf 88' lang='lat' dir='ltr'>Orat.</span> <span class='ocrx_word' id='word_1_321' title='bbox 1434 2123 1537 2165; x_wconf 85' lang='lat' dir='ltr'>lxiv.</span> <span class='ocrx_word' id='word_1_322' title='bbox 1599 2121 1702 2163; x_wconf 91' lang='lat' dir='ltr'>Vic-</span> 
     </span>
     <span class='ocr_line' id='line_1_36' title="bbox 183 2178 1702 2237; baseline -0.002 -15"><span class='ocrx_word' id='word_1_323' title='bbox 183 2182 242 2222; x_wconf 87' lang='lat' dir='ltr'>tis</span> <span class='ocrx_word' id='word_1_324' title='bbox 262 2183 379 2237; x_wconf 87' lang='lat' dir='ltr'>enim</span> <span class='ocrx_word' id='word_1_325' title='bbox 398 2184 455 2224; x_wconf 84' lang='lat' dir='ltr'>ad</span> <span class='ocrx_word' id='word_1_326' title='bbox 474 2182 661 2225; x_wconf 83' lang='lat' dir='ltr'>Plataeas</span> <span class='ocrx_word' id='word_1_327' title='bbox 683 2181 842 2233; x_wconf 85' lang='lat' dir='ltr'>Persis,</span> <span class='ocrx_word' id='word_1_328' title='bbox 865 2183 930 2224; x_wconf 87' lang='lat' dir='ltr'>ita</span> <span class='ocrx_word' id='word_1_329' title='bbox 950 2182 1157 2236; x_wconf 83' lang='lat' dir='ltr'>Spartam</span> <span class='ocrx_word' id='word_1_330' title='bbox 1177 2182 1442 2235; x_wconf 87' lang='lat' dir='ltr'>scripserunt</span> <span class='ocrx_word' id='word_1_331' title='bbox 1460 2195 1471 2221; x_wconf 77' lang='grc' dir='ltr'><em>ε</em></span> <span class='ocrx_word' id='word_1_332' title='bbox 1502 2178 1575 2220; x_wconf 66' lang='lat' dir='ltr'>Tot</span> <span class='ocrx_word' id='word_1_333' title='bbox 1595 2179 1702 2235; x_wconf 85' lang='grc' dir='ltr'>Πέρ-</span> 
     </span>
     <span class='ocr_line' id='line_1_37' title="bbox 185 2236 1700 2293; baseline -0.001 -14"><span class='ocrx_word' id='word_1_334' title='bbox 185 2257 247 2280; x_wconf 88' lang='grc' dir='ltr'>σαι</span> <span class='ocrx_word' id='word_1_335' title='bbox 281 2240 502 2282; x_wconf 76' lang='grc' dir='ltr'><em>δουλεύοντι.</em></span> <span class='ocrx_word' id='word_1_336' title='bbox 582 2239 693 2282; x_wconf 86' lang='lat' dir='ltr'>Cum</span> <span class='ocrx_word' id='word_1_337' title='bbox 729 2241 845 2282; x_wconf 92' lang='lat' dir='ltr'>bello</span> <span class='ocrx_word' id='word_1_338' title='bbox 881 2239 1250 2293; x_wconf 88' lang='lat' dir='ltr'>Peloponnesiaco</span> <span class='ocrx_word' id='word_1_339' title='bbox 1294 2238 1587 2279; x_wconf 86' lang='lat' dir='ltr'>Athenienses</span> <span class='ocrx_word' id='word_1_340' title='bbox 1627 2236 1700 2278; x_wconf 89' lang='lat' dir='ltr'>de-</span> 
     </span>
     <span class='ocr_line' id='line_1_38' title="bbox 183 2292 1705 2352; baseline -0.002 -14"><span class='ocrx_word' id='word_1_341' title='bbox 183 2297 410 2345; x_wconf 86' lang='lat' dir='ltr'>vicissent,</span> <span class='ocrx_word' id='word_1_342' title='bbox 440 2298 723 2352; x_wconf 85' lang='lat' dir='ltr'>Athenasque</span> <span class='ocrx_word' id='word_1_343' title='bbox 758 2299 804 2340; x_wconf 89' lang='lat' dir='ltr'>in</span> <span class='ocrx_word' id='word_1_344' title='bbox 832 2301 1094 2352; x_wconf 85' lang='lat' dir='ltr'>potestatem</span> <span class='ocrx_word' id='word_1_345' title='bbox 1125 2297 1424 2348; x_wconf 82' lang='lat' dir='ltr'>redegissent:</span> <span class='ocrx_word' id='word_1_346' title='bbox 1452 2292 1705 2337; x_wconf 76' lang='grc' dir='ltr'><em>Ἑαλώκαντι·</em></span> 
     </span>
     <span class='ocr_line' id='line_1_39' title="bbox 185 2352 1699 2410; baseline -0.001 -16"><span class='ocrx_word' id='word_1_347' title='bbox 185 2354 252 2394; x_wconf 81' lang='grc' dir='ltr'>ταὶ</span> <span class='ocrx_word' id='word_1_348' title='bbox 283 2354 466 2399; x_wconf 64' lang='grc' dir='ltr'><em>Ἀθῆναι.</em></span> <span class='ocrx_word' id='word_1_349' title='bbox 538 2356 606 2397; x_wconf 87' lang='lat' dir='ltr'>Ad</span> <span class='ocrx_word' id='word_1_350' title='bbox 641 2357 876 2410; x_wconf 86' lang='lat' dir='ltr'>quemdam</span> <span class='ocrx_word' id='word_1_351' title='bbox 916 2355 1207 2396; x_wconf 88' lang='lat' dir='ltr'>insultantem</span> <span class='ocrx_word' id='word_1_352' title='bbox 1238 2354 1374 2408; x_wconf 90' lang='lat' dir='ltr'>ipsis:</span> <span class='ocrx_word' id='word_1_353' title='bbox 1422 2352 1620 2409; x_wconf 72' lang='grc' dir='ltr'><em>Διονύσιᾳς</em></span> <span class='ocrx_word' id='word_1_354' title='bbox 1663 2353 1699 2392; x_wconf 85' lang='grc' dir='ltr'>ἐν</span> 
     </span>
     <span class='ocr_line' id='line_1_40' title="bbox 188 2410 1701 2469; baseline -0.001 -18"><span class='ocrx_word' id='word_1_355' title='bbox 188 2410 382 2469; x_wconf 65' lang='grc' dir='ltr'>Κορίνθῳ.</span> <span class='ocrx_word' id='word_1_356' title='bbox 443 2412 620 2455; x_wconf 82' lang='lat' dir='ltr'>Socrate</span> <span class='ocrx_word' id='word_1_357' title='bbox 660 2416 706 2455; x_wconf 90' lang='lat' dir='ltr'>in</span> <span class='ocrx_word' id='word_1_358' title='bbox 735 2426 951 2456; x_wconf 86' lang='lat' dir='ltr'>carcerem</span> <span class='ocrx_word' id='word_1_359' title='bbox 989 2413 1204 2466; x_wconf 75' lang='lat' dir='ltr'>conjecto,</span> <span class='ocrx_word' id='word_1_360' title='bbox 1236 2410 1701 2467; x_wconf 18' lang='lat' dir='ltr'>amicisbgscribebant:</span> 
     </span>
     <span class='ocr_line' id='line_1_41' title="bbox 187 2468 1706 2526; baseline -0.002 -17"><span class='ocrx_word' id='word_1_361' title='bbox 187 2468 399 2525; x_wconf 61' lang='grc' dir='ltr'>Σωκράτης</span> <span class='ocrx_word' id='word_1_362' title='bbox 428 2470 704 2514; x_wconf 60' lang='grc' dir='ltr'><em>κατεδικάσθη.</em></span> <span class='ocrx_word' id='word_1_363' title='bbox 763 2471 914 2526; x_wconf 75' lang='lat' dir='ltr'>Ejecto</span> <span class='ocrx_word' id='word_1_364' title='bbox 946 2472 992 2514; x_wconf 82' lang='lat' dir='ltr'>in</span> <span class='ocrx_word' id='word_1_365' title='bbox 1025 2471 1205 2512; x_wconf 78' lang='lat' dir='ltr'>exilium</span> <span class='ocrx_word' id='word_1_366' title='bbox 1238 2468 1560 2524; x_wconf 80' lang='lat' dir='ltr'>Xenophonte:</span> <span class='ocrx_word' id='word_1_367' title='bbox 1591 2468 1706 2508; x_wconf 80' lang='grc' dir='ltr'><em>Ξενο-</em></span> 
     </span>
     <span class='ocr_line' id='line_1_42' title="bbox 185 2523 1701 2584; baseline -0.002 -17"><span class='ocrx_word' id='word_1_368' title='bbox 185 2531 263 2579; x_wconf 73' lang='grc' dir='ltr'>φῶν</span> <span class='ocrx_word' id='word_1_369' title='bbox 291 2527 550 2580; x_wconf 61' lang='grc' dir='ltr'><em>ἐφυγαδεύθη.</em></span> <span class='ocrx_word' id='word_1_370' title='bbox 623 2529 688 2570; x_wconf 85' lang='lat' dir='ltr'>Ac</span> <span class='ocrx_word' id='word_1_371' title='bbox 717 2542 920 2572; x_wconf 86' lang='lat' dir='ltr'>rursum:</span> <span class='ocrx_word' id='word_1_372' title='bbox 961 2527 1174 2584; x_wconf 64' lang='grc' dir='ltr'><em>Φερεκύδης</em></span> <span class='ocrx_word' id='word_1_373' title='bbox 1203 2526 1376 2570; x_wconf 58' lang='grc' dir='ltr'><em>τέθνηκε.</em></span> <span class='ocrx_word' id='word_1_374' title='bbox 1436 2525 1561 2568; x_wconf 86' lang='lat' dir='ltr'>Adde</span> <span class='ocrx_word' id='word_1_375' title='bbox 1599 2523 1701 2565; x_wconf 90' lang='lat' dir='ltr'>Plu-</span> 
     </span>
     <span class='ocr_line' id='line_1_43' title="bbox 185 2579 1699 2641; baseline -0.003 -16"><span class='ocrx_word' id='word_1_376' title='bbox 185 2585 387 2626; x_wconf 83' lang='lat' dir='ltr'>tarchum</span> <span class='ocrx_word' id='word_1_377' title='bbox 420 2587 465 2627; x_wconf 89' lang='lat' dir='ltr'>in</span> <span class='ocrx_word' id='word_1_378' title='bbox 498 2586 958 2641; x_wconf 85' lang='lat' dir='ltr'>Apophthegmatibus</span> <span class='ocrx_word' id='word_1_379' title='bbox 986 2585 1213 2627; x_wconf 87' lang='lat' dir='ltr'>Laconicis</span> <span class='ocrx_word' id='word_1_380' title='bbox 1233 2589 1279 2627; x_wconf 85' lang='lat' dir='ltr'>et</span> <span class='ocrx_word' id='word_1_381' title='bbox 1312 2584 1558 2626; x_wconf 87' lang='lat' dir='ltr'>Meursium</span> <span class='ocrx_word' id='word_1_382' title='bbox 1590 2579 1699 2622; x_wconf 84' lang='lat' dir='ltr'>Mis-</span> 
     </span>
     <span class='ocr_line' id='line_1_44' title="bbox 184 2640 1696 2698; baseline -0.002 -16"><span class='ocrx_word' id='word_1_383' title='bbox 184 2643 339 2683; x_wconf 82' lang='lat' dir='ltr'>cellan.</span> <span class='ocrx_word' id='word_1_384' title='bbox 364 2642 526 2685; x_wconf 90' lang='lat' dir='ltr'>Lacon.</span> <span class='ocrx_word' id='word_1_385' title='bbox 550 2646 627 2686; x_wconf 89' lang='lat' dir='ltr'>lib.</span> <span class='ocrx_word' id='word_1_386' title='bbox 651 2645 717 2685; x_wconf 91' lang='lat' dir='ltr'>iii.</span> <span class='ocrx_word' id='word_1_387' title='bbox 750 2658 788 2686; x_wconf 90' lang='lat' dir='ltr'>c.</span> <span class='ocrx_word' id='word_1_388' title='bbox 810 2645 848 2685; x_wconf 83' lang='lat'>3.</span> <span class='ocrx_word' id='word_1_389' title='bbox 872 2650 916 2686; x_wconf 91' lang='lat' dir='ltr'>et</span> <span class='ocrx_word' id='word_1_390' title='bbox 936 2643 980 2685; x_wconf 84' lang='lat'>4.</span> <span class='ocrx_word' id='word_1_391' title='bbox 1014 2645 1085 2698; x_wconf 89' lang='lat' dir='ltr'>[it.</span> <span class='ocrx_word' id='word_1_392' title='bbox 1114 2642 1375 2685; x_wconf 89' lang='lat' dir='ltr'>Valckenar.</span> <span class='ocrx_word' id='word_1_393' title='bbox 1409 2641 1617 2682; x_wconf 87' lang='lat' dir='ltr'>Adnotat.</span> <span class='ocrx_word' id='word_1_394' title='bbox 1648 2640 1696 2679; x_wconf 90' lang='lat' dir='ltr'>in</span> 
     </span>
     <span class='ocr_line' id='line_1_45' title="bbox 185 2697 1698 2756; baseline -0.003 -15"><span class='ocrx_word' id='word_1_395' title='bbox 185 2699 403 2742; x_wconf 83' lang='lat' dir='ltr'>Adoniaz.</span> <span class='ocrx_word' id='word_1_396' title='bbox 434 2701 658 2744; x_wconf 89' lang='lat' dir='ltr'>Theocriti</span> <span class='ocrx_word' id='word_1_397' title='bbox 693 2716 737 2756; x_wconf 86' lang='lat' dir='ltr'>p.</span> <span class='ocrx_word' id='word_1_398' title='bbox 770 2702 866 2743; x_wconf 79' lang='lat'>257.</span> <span class='ocrx_word' id='word_1_399' title='bbox 896 2714 990 2756; x_wconf 90' lang='lat' dir='ltr'>sqq.</span> <span class='ocrx_word' id='word_1_400' title='bbox 1022 2701 1244 2755; x_wconf 50' lang='lat' dir='ltr'>Semina]</span> <span class='ocrx_word' id='word_1_401' title='bbox 1292 2699 1361 2741; x_wconf 92' lang='lat' dir='ltr'>Ad</span> <span class='ocrx_word' id='word_1_402' title='bbox 1391 2697 1580 2753; x_wconf 88' lang='lat' dir='ltr'>Ellipsin</span> <span class='ocrx_word' id='word_1_403' title='bbox 1610 2709 1698 2737; x_wconf 90' lang='lat' dir='ltr'>me-</span> 
     </span>
     <span class='ocr_line' id='line_1_46' title="bbox 185 2755 1697 2813; baseline -0.003 -15"><span class='ocrx_word' id='word_1_404' title='bbox 185 2759 273 2800; x_wconf 88' lang='lat' dir='ltr'>rito</span> <span class='ocrx_word' id='word_1_405' title='bbox 301 2760 435 2800; x_wconf 88' lang='lat' dir='ltr'>etiam</span> <span class='ocrx_word' id='word_1_406' title='bbox 466 2760 666 2801; x_wconf 88' lang='lat' dir='ltr'>referunt</span> <span class='ocrx_word' id='word_1_407' title='bbox 698 2758 914 2801; x_wconf 83' lang='lat' dir='ltr'>Rhetores</span> <span class='ocrx_word' id='word_1_408' title='bbox 945 2761 1083 2813; x_wconf 88' lang='lat' dir='ltr'>genus</span> <span class='ocrx_word' id='word_1_409' title='bbox 1117 2759 1227 2800; x_wconf 92' lang='lat' dir='ltr'>illud</span> <span class='ocrx_word' id='word_1_410' title='bbox 1261 2758 1550 2813; x_wconf 68' lang='grc' dir='ltr'>βραχυλογίας,</span> <span class='ocrx_word' id='word_1_411' title='bbox 1580 2755 1697 2807; x_wconf 88' lang='lat' dir='ltr'>quod</span> 
     </span>
     <span class='ocr_line' id='line_1_47' title="bbox 184 2815 1700 2870; baseline -0.003 -14"><span class='ocrx_word' id='word_1_412' title='bbox 184 2816 483 2858; x_wconf 73' lang='grc' dir='ltr'><em>ἀνανταπὸδοτον</em></span> <span class='ocrx_word' id='word_1_413' title='bbox 523 2821 716 2865; x_wconf 85' lang='lat' dir='ltr'>vocatur,</span> <span class='ocrx_word' id='word_1_414' title='bbox 761 2819 808 2858; x_wconf 91' lang='lat' dir='ltr'>in</span> <span class='ocrx_word' id='word_1_415' title='bbox 846 2831 934 2870; x_wconf 92' lang='lat' dir='ltr'>quo</span> <span class='ocrx_word' id='word_1_416' title='bbox 979 2817 1188 2858; x_wconf 89' lang='lat' dir='ltr'>nimirum</span> <span class='ocrx_word' id='word_1_417' title='bbox 1226 2815 1414 2863; x_wconf 78' lang='grc' dir='ltr'><em>α’πόδοσις,</em></span> <span class='ocrx_word' id='word_1_418' title='bbox 1456 2827 1532 2855; x_wconf 91' lang='lat' dir='ltr'>seu</span> <span class='ocrx_word' id='word_1_419' title='bbox 1567 2825 1700 2853; x_wconf 89' lang='lat' dir='ltr'>mem-</span> 
     </span>
     <span class='ocr_line' id='line_1_48' title="bbox 184 2868 1696 2930; baseline -0.002 -16"><span class='ocrx_word' id='word_1_420' title='bbox 184 2873 315 2915; x_wconf 88' lang='lat' dir='ltr'>brum</span> <span class='ocrx_word' id='word_1_421' title='bbox 354 2875 480 2924; x_wconf 88' lang='lat' dir='ltr'>illud,</span> <span class='ocrx_word' id='word_1_422' title='bbox 519 2877 637 2929; x_wconf 89' lang='lat' dir='ltr'>quod</span> <span class='ocrx_word' id='word_1_423' title='bbox 676 2876 814 2930; x_wconf 90' lang='lat' dir='ltr'>priori</span> <span class='ocrx_word' id='word_1_424' title='bbox 853 2875 1131 2930; x_wconf 87' lang='lat' dir='ltr'>respondeat,</span> <span class='ocrx_word' id='word_1_425' title='bbox 1170 2875 1394 2924; x_wconf 82' lang='lat' dir='ltr'>reticetur.</span> <span class='ocrx_word' id='word_1_426' title='bbox 1471 2870 1548 2911; x_wconf 86' lang='lat' dir='ltr'>Sic</span> <span class='ocrx_word' id='word_1_427' title='bbox 1590 2868 1696 2911; x_wconf 90' lang='lat' dir='ltr'>Luc.</span> 
     </span>
     <span class='ocr_line' id='line_1_49' title="bbox 183 2927 1735 2991; baseline -0.003 -18"><span class='ocrx_word' id='word_1_428' title='bbox 183 2932 282 2975; x_wconf 79' lang='lat' dir='ltr'>xiii.</span> <span class='ocrx_word' id='word_1_429' title='bbox 304 2931 346 2975; x_wconf 87' lang='lat'>9.</span> <span class='ocrx_word' id='word_1_430' title='bbox 419 2931 509 2988; x_wconf 51' lang='lat' dir='ltr'>Kav</span> <span class='ocrx_word' id='word_1_431' title='bbox 527 2935 598 2983; x_wconf 83' lang='grc' dir='ltr'>μὲν</span> <span class='ocrx_word' id='word_1_432' title='bbox 618 2933 762 2991; x_wconf 68' lang='grc' dir='ltr'><em>ποιήσῃ</em></span> <span class='ocrx_word' id='word_1_433' title='bbox 782 2934 937 2990; x_wconf 79' lang='grc' dir='ltr'><em>καρπόν·</em></span> <span class='ocrx_word' id='word_1_434' title='bbox 960 2934 991 2974; x_wconf 78' lang='grc' dir='ltr'><em>εἰ</em></span> <span class='ocrx_word' id='word_1_435' title='bbox 1013 2932 1052 2974; x_wconf 80' lang='grc' dir='ltr'>δὲ</span> <span class='ocrx_word' id='word_1_436' title='bbox 1070 2932 1193 2983; x_wconf 73' lang='grc' dir='ltr'><em>μήγε,</em></span> <span class='ocrx_word' id='word_1_437' title='bbox 1215 2932 1267 2973; x_wconf 74' lang='grc' dir='ltr'>εἷς</span> <span class='ocrx_word' id='word_1_438' title='bbox 1281 2930 1327 2972; x_wconf 75' lang='grc' dir='ltr'>τὸ</span> <span class='ocrx_word' id='word_1_439' title='bbox 1344 2931 1490 2981; x_wconf 80' lang='grc' dir='ltr'><em>μέλλον</em></span> <span class='ocrx_word' id='word_1_440' title='bbox 1521 2927 1699 2980; x_wconf 73' lang='grc' dir='ltr'><em>ἐκκόψεις</em></span> <span class='ocrx_word' id='word_1_441' title='bbox 1727 2955 1735 2962; x_wconf 72' lang='lat'>.</span> 
     </span>
    </p>
   </div>
  </div>
 </body>
</html>
