1838 3164
611 163 675 206 IN
700 160 905 206 (4ch
932 165 1160 207 LINGUA.
1555 166 1628 209 151

127 277 302 334 ellipsis
322 280 571 335 nonpossIt
589 291 700 328 esse,
722 280 771 322 in
805 275 875 322 his
908 283 1071 328 tamen,
1101 281 1149 322 in
1170 280 1329 334 quibus
1363 281 1536 325 admitti
1555 297 1633 338 po-

129 339 236 386 test,
252 339 366 384 alias
384 340 657 393 empsesusn
676 338 885 392 probatas
897 337 1096 392 reperiri,
1116 339 1227 380 alias
1244 340 1509 393 repudiatas.
1540 339 1633 383 Nos

127 395 306 446 quidem
326 407 414 438 non
433 397 489 452 de,
508 396 593 443 his,
612 407 711 449 quae
730 408 810 437 usu
831 399 1017 450 receptae
1037 399 1155 444 sunt,
1191 396 1263 437 hic
1297 398 1525 439 dicendum
1554 411 1634 455 pu-

127 454 289 500 temus,
308 454 386 495 sed
404 454 460 494 de
478 454 582 501 illis,
606 460 719 506 ques
740 454 887 494 nullus
903 455 1052 507 potuit
1068 463 1174 495 usus
1192 455 1445 497 adsciscere.

130 527 134 531 ·
176 507 267 553 'Vis
286 513 431 552 omnis
444 515 490 552 et
509 510 638 565 copia
657 510 871 554 orationis
903 513 949 552 in
970 521 1023 552 eo
1040 512 1325 566 expromitur,
1359 515 1410 553 ut
1427 511 1630 554 enuncia-

126 568 270 609 tiones
310 569 569 616 formentur,
599 580 710 621 quas
739 570 828 610 alio
856 569 1031 610 nomine
1058 570 1297 611 sententias
1345 570 1632 624 appellamus.

126 621 300 668 Horum
317 627 445 668 valde
461 626 649 681 simplex
667 630 827 668 natura
855 630 937 668 est.
996 625 1214 668 Constant
1232 628 1350 669 enim
1383 639 1551 675 omnes,
1582 627 1633 671 ut

123 683 365 736 logieomm
384 677 773 738 >appellationibus
803 688 997 732 utamur,
1026 695 1052 726 e
1069 685 1279 738 subjecto,
1314 688 1358 727 et
1375 685 1630 740 praedicato,

122 744 170 782 et
183 739 359 795 copula.
419 739 524 783 Esse
553 743 671 783 enim
690 741 835 793 debet,
855 746 900 783 et
918 743 974 784 de
1004 755 1093 796 quo
1110 742 1218 796 quId
1236 742 1422 792 dicatur,
1455 745 1499 785 et
1515 739 1632 796 quod

120 795 177 839 de
196 807 252 839 eo
267 799 454 849 dicatur,
475 804 520 841 et
539 799 726 856 denique
744 800 879 841 etiam
897 799 984 841 dici
1011 813 1060 842 re
1088 812 1195 842 vera
1213 800 1382 855 aliquid
1400 801 1454 842 de
1483 801 1633 854 aliquo

120 864 300 898 necesse
334 859 413 898 est.
470 855 574 898 Jam
610 858 646 898 si
677 858 932 912 quaerimus‚
963 857 1069 912 quid
1098 859 1253 899 horum
1289 858 1429 913 possit
1462 859 1629 906 omitti,

118 913 266 969 primo
284 915 479 956 seoffert
497 916 670 970 copula.
730 914 882 957 Posito
917 916 1035 957 enim
1064 919 1108 958 et
1142 915 1196 957 de
1228 927 1315 969 quo
1334 915 1440 970 quid
1474 914 1631 970 praedi⁴

119 974 261 1020 cetur,
300 976 345 1014 et
378 972 496 1025 quod
527 973 582 1014 de
613 974 690 1014 illo
726 968 1004 1027 praedicetur,
1042 970 1103 1024 id,
1138 974 1257 1027 quod
1291 973 1508 1028 reliquum
1549 975 1630 1024 est,

119 1027 350 1083 praedicari
371 1030 561 1072 alterum
579 1042 678 1072 vere
712 1030 767 1072 de
805 1030 960 1079 altero,
990 1034 1146 1086 sponte
1179 1031 1457 1085 intelligitur.
1515 1029 1629 1072 Con-

118 1086 288 1128 tinetnr
306 1091 457 1129 autem
485 1089 645 1142 copula
670 1089 802 1130 verbo
832 1102 899 1137 eo,
933 1089 1052 1143 quod
1082 1091 1127 1130 et
1164 1089 1362 1131 omnium
1397 1087 1630 1132 verborum
1645 1087 1722 1132 106

119 1145 310 1200 maxime
330 1148 622 1187 necessarium
647 1150 731 1194 est,
761 1150 805 1188 et
834 1148 880 1188 in
900 1147 1019 1188 omni
1040 1146 1128 1188 alio
1147 1147 1279 1189 verbo
1298 1146 1419 1196 latet,
1438 1146 1560 1201 quia,
1590 1147 1630 1188 si

120 1210 271 1244 verum
290 1203 436 1245 dicere
456 1206 670 1251 volumus,
708 1204 850 1246 solum
875 1207 942 1247 est
967 1205 1164 1252 verbum,
1185 1205 1230 1245 id
1264 1207 1331 1246 est
1362 1203 1511 1252 verbo,
1543 1217 1632 1258 quo

119 1267 209 1301 esse
243 1261 532 1313 significetur.
603 1260 751 1309 Quare
794 1262 888 1304 haee
916 1262 1204 1304 usitatissima
1236 1263 1433 1304 omnium
1468 1260 1633 1316 ellipsis

117 1320 203 1365 est,
240 1327 330 1372 qua
368 1319 450 1360 hoe
494 1319 674 1362 verbum
718 1321 954 1362 omittitur.
1023 1318 1116 1360 Οὐκ
1164 1317 1312 1368 ἀγαθὸν
1347 1320 1631 1375 πολυκοιρανίη.

118 1372 292 1416 Deinde
306 1371 443 1418 etlam
463 1377 708 1430 subjectum
729 1378 875 1419 omitti
937 1379 1068 1424 otest,
1091 1376 1185 1425 sed,
1211 1381 1262 1418 ut
1286 1380 1441 1431 sponte
1473 1377 1633 1418 intelli-

117 1428 254 1484 gitur,
275 1443 364 1475 non
399 1434 545 1482 aliter,
576 1445 711 1488 quam
730 1447 868 1487 quum
917 1446 942 1475 e
962 1444 1015 1475 eo
1036 1446 1179 1475 sermo
1201 1437 1282 1481 est,
1304 1433 1421 1487 quod
1437 1437 1517 1475 aut
1534 1432 1634 1475 ubi-

115 1498 204 1543 que
221 1491 365 1544 possit
380 1494 426 1533 et
445 1491 492 1532 in
506 1492 629 1532 omni
660 1493 879 1533 sententia
914 1492 1160 1545 subjectum
1190 1502 1298 1539 esse,
1330 1494 1409 1533 aut
1439 1493 1487 1533 in
1515 1495 1635 1533 certa

116 1548 307 1600 quadam
351 1560 399 1590 re
440 1550 735 1591 necessarium
776 1550 835 1592 sit
878 1549 1140 1602 subjectum.
1198 1547 1344 1590 Aliter
1392 1549 1511 1590 enlm
1550 1561 1636 1591 non

115 1609 263 1658 posset
301 1607 520 1659 cognosci,
567 1607 622 1647 de
658 1618 850 1660 quonam
889 1607 1085 1660 subjecto
1125 1616 1269 1647 sermo
1307 1609 1434 1648 esset.
1514 1602 1633 1655 Hoc,

114 1663 232 1714 quod
249 1663 412 1716 ubique
433 1665 678 1717 subjectum
698 1675 791 1705 esse
810 1666 975 1718 potest,
1004 1666 1071 1705 est
1098 1675 1339 1718 pronomen
1369 1665 1455 1704 τίςε
1476 1659 1631 1718 Ἀνδρα

114 1717 151 1758 δ’
170 1721 324 1773 ὠφελεῖν
344 1723 408 1775 ἀφ’
431 1719 615 1775 ὤν”Εχοι
645 1738 687 1762 τε
705 1721 769 1762 καὶ
790 1720 953 1769 δύναιτο,
984 1722 1191 1762 κάλλιστος
1209 1722 1348 1769 πόνων,
1371 1719 1455 1761 Ὠς
1471 1720 1532 1761 ἐπ’
1546 1717 1630 1770 ἐξό-

113 1775 167 1833 'ep
183 1781 290 1818 κλύω
309 1776 398 1819 Τῶν
417 1777 560 1821 ’ένδοθει
588 1782 819 1834 χωροῦντος.
879 1777 1009 1827 Illud,
1039 1778 1154 1832 quod
1186 1779 1231 1819 in
1263 1782 1382 1820 certa
1414 1790 1463 1819 re
1484 1788 1631 1820 neces-

114 1832 283 1877 sarium
301 1839 368 1877 est
386 1837 652 1890 subjeetum,
672 1849 727 1878 ex
746 1835 825 1878 illa
844 1849 908 1885 re,
941 1836 1049 1889 quid
1069 1837 1146 1884 sit,
1177 1834 1379 1890 cognosci
1409 1835 1556 1884 debet,
1577 1839 1631 1877 ut

115 1903 253 1944 quum
276 1894 328 1934 ὕει
349 1895 412 1935 vel
434 1897 577 1950 βρόντᾷ
605 1894 783 1943 dicitur,
818 1894 936 1947 quod
963 1895 1017 1935 de
1051 1892 1163 1935 Jove
1190 1897 1257 1935 est
1276 1891 1629 1945 intelligendum.

32 1964 36 1970 ·
116 1947 466 1994 Commemoravi
515 1952 731 2005 ejusmodi
782 1953 995 2007 exempla,
1034 1952 1082 1992 in
1122 1950 1283 2004 quibus
1323 1951 1469 1992 oratio
1506 1949 1627 1991 omni

114 2008 312 2062 subjecto
332 2013 467 2051 caret.
527 2009 614 2052 Sed
636 2014 702 2052 est
720 2011 855 2051 etiam
888 2009 976 2052 alia
1011 2007 1214 2063 quaedam
1242 2009 1374 2056 ratio,
1409 2017 1499 2062 qua
1527 2008 1629 2049 sub-

109 2067 278 2120 jectum
298 2076 385 2108 non
405 2070 549 2109 totum
570 2068 645 2110 sed
663 2081 719 2109 ex
736 2072 864 2122 parte
897 2067 1134 2115 omittitur,
1165 2070 1215 2108 ut
1244 2067 1291 2108 in
1326 2064 1628 2120 hujuscemodi

114 2124 343 2179 exemplis,
364 2122 381 2164 ὃ
403 2125 474 2168 τὴν
494 2121 669 2181 κιθάραν,
689 2125 715 2169 ἦ
730 2125 864 2181 αὔριον,
885 2124 929 2166 τὸ
962 2125 1192 2180 ἐμβα-νήφων
1210 2134 1220 2163 2
1254 2134 1441 2176 quorum
1469 2123 1628 2165 similis

115 2185 185 2223 est
213 2183 346 2230 ratio,
366 2186 417 2224 ut
439 2183 626 2234 illorum,
654 2184 701 2224 in
722 2185 883 2236 quibus
910 2183 1152 2236 subjectum
1183 2182 1477 2223 necessarium
1502 2181 1628 2222 omit·

112 2241 237 2281 titur.
297 2235 414 2282 Nam
436 2242 542 2294 quia
571 2241 718 2296 posita
746 2240 1055 2296 descriptione,
1084 2238 1228 2293 qualis
1258 2241 1326 2281 est
1359 2238 1430 2282 τὴν
1450 2235 1544 2279 κιΒιί
1565 2254 1627 2286 αν,

112 2296 249 2352 αὔριον,
286 2298 533 2354 ἔμβατήριον,
564 2300 640 2339 vix
668 2301 815 2353 potest
849 2299 970 2340 aliud
1004 2298 1243 2351 quidquam
1273 2292 1331 2338 ad
1365 2295 1522 2351 explen
1553 2306 1626 2337 am
1643 2300 1720 2343 107

113 2356 382 2397 sententiam
402 2356 661 2404 desiderari,
679 2369 812 2409 quam
831 2357 949 2409 ἔχων,
979 2356 1120 2410 ἡμέρα,
1153 2357 1287 2403 μέλος,
1318 2355 1409 2396 haec
1428 2353 1626 2402 nomina,

111 2415 164 2452 ut
199 2423 298 2466 quae
333 2422 463 2455 netno
496 2425 584 2456 non
617 2418 733 2456 esset
768 2418 913 2455 mente
947 2413 1280 2461 substituturus,
1307 2411 1453 2454 omitti
1485 2421 1627 2466 coepe-

112 2473 230 2511 runt.
308 2470 395 2512 Sed
432 2472 672 2513 cavendum
706 2476 772 2513 est
806 2473 853 2512 in
883 2471 967 2512 hac
1001 2483 1050 2512 re
1090 2482 1374 2525 magnopere,
1414 2483 1470 2511 ne
1508 2469 1626 2522 quis,

111 2527 228 2579 quod
245 2528 371 2569 multi
406 2529 621 2578 fecerunt,
643 2529 705 2570 ibi
727 2542 900 2584 quoque
921 2529 975 2572 de
1007 2528 1153 2583 ellipsi
1187 2528 1368 2581 cogitet,
1395 2527 1482 2569 ‘ubi
1502 2526 1629 2580 elle-

113 2585 176 2625 sis
195 2587 318 2627 nulla
351 2589 430 2627 est.
490 2584 612 2628 Certi
644 2587 762 2628 enim
795 2587 842 2629 in
878 2587 959 2629 hoc
990 2599 1164 2639 genere,
1198 2585 1471 2638 minimeque
1502 2582 1627 2625 dubii

114 2647 219 2685 sunt
238 2644 344 2684 fines
365 2645 588 2698 ellipseos,
619 2645 653 2685 si
676 2645 775 2697 quis
795 2648 912 2688 recte
945 2644 1140 2686 animum
1169 2642 1389 2685 advertat.
1447 2637 1629 2695 Ellipsis

114 2704 200 2747 est,
236 2701 504 2754 ubicumque
536 2702 582 2743 in
616 2702 702 2751 his,
745 2715 843 2756 quae
882 2701 1175 2744 describendae
1201 2697 1265 2741 rei
1295 2708 1453 2742 caussa
1479 2699 1630 2753 posita

113 2762 232 2810 sunt,
258 2759 504 2800 necessaria
534 2757 843 2814 descriptionis
862 2772 966 2815 pars
999 2759 1137 2800 deest.
1197 2755 1364 2813 Dee-*ase
1393 2761 1542 2797 autem
1562 2759 1629 2796 ta-

113 2814 202 2856 lem
223 2816 535 2871 descriptionis
555 2822 727 2871 partem
749 2830 863 2860 nunc
893 2831 962 2858 res
982 2817 1080 2871 ipsa
1108 2811 1273 2869 arguit,
1301 2816 1353 2856 nt
1384 2815 1429 2855 in
1454 2813 1552 2859 hoc,
1584 2812 1630 2853 τὸ

118 2873 370 2929 §taem-ripam,
388 2875 494 2927 quia
516 2874 598 2916 hoc
617 2875 794 2928 cognito
812 2874 1006 2917 nondum
1035 2887 1115 2915 con
1188 2877 1226 2921 t,
1264 2883 1361 2925 quae
1382 2883 1451 2913 res
1472 2871 1537 2911 ita
1557 2869 1629 2909 de-

120 2931 374 2979 scribatur;
401 2944 516 2974 nunc
547 2934 837 2986 grammatica
865 2935 979 2974 ratio
1013 2936 1136 2991 ostep
1167 2932 1218 2979 it,
1247 2935 1298 2972 ut
1330 2931 1374 2971 in
1409 2928 1478 2982 his
1506 2929 1524 2967 ὃ
1560 2926 1630 2969 *rhu

121 2985 298 3043 κθάραν,
325 2990 351 3034 ἦ
376 2990 513 3047 αὔριον,
542 2999 728 3047 quornm
758 2991 805 3034 in
836 2991 984 3047 priore
1018 2988 1218 3046 exemplo
1251 2986 1526 3031 desideratur
1555 2997 1632 3027 no-
