1838 3164
203 119 266 165 20
519 156 523 159 .
820 126 1120 169 ISAGOGE.

210 235 431 281 diceretur
459 239 726 294 tyrannus&
787 239 896 282 Inde
931 241 1070 294 igitur
1097 239 1279 295 quidam
1317 241 1452 283 etiam
1486 237 1732 296 pleonasmi

214 295 454 346 exsistunt,
474 302 519 340 et
539 298 586 339 in
608 297 763 341 Graeca
781 299 934 352 lingua
953 300 1228 341 exstiterunt.
1289 297 1403 341 Cum
1423 299 1514 341 alia
1528 299 1736 355 vexempla

209 351 261 399 ,in
280 358 455 408 promtu
479 356 584 404 sint,
615 361 716 399 utar
737 358 809 398 hic
829 369 881 397 ea
900 356 1061 405 forma,
1083 370 1181 410 quae
1215 357 1262 398 in
1286 357 1622 412 pronominibus
1642 359 1739 397 tan-

214 413 312 452 tum
351 413 619 466 quibusdam
650 427 829 456 causam
859 415 1028 468 praebet
1060 415 1434 470 pleonasmorum‚
1465 415 1514 456 in
1547 414 1740 456 nomini-

214 467 299 510 bus
319 475 469 511 autem
488 473 720 526 enallagen
751 484 934 514 casuum
966 471 1130 514 dictam
1165 474 1256 514 sive
1286 473 1545 528 antiptosin.
1578 472 1741 516 Gram-

214 527 369 568 matici
390 527 444 569 de
465 540 519 569 ea
536 527 623 570 non
658 530 766 571 satis
796 530 1028 584 perspicue
1063 535 1216 584 agunt.
1274 529 1423 572 Verba
1453 542 1613 585 nempe
1634 532 1740 571 sunt

216 584 360 625 multa
379 586 544 634 sciendi
566 590 610 628 et
636 587 838 634 docendi,
871 591 915 628 et
945 586 1112 637 affinia,
1149 601 1247 641 quae
1281 593 1325 630 et
1358 592 1410 630 ut
1441 592 1600 630 neutra
1619 599 1655 628 S.
1675 587 1741 629 in-

213 643 469 691 transitiva,
502 648 715 699 sequente
747 645 954 698 deinceps
987 647 1277 695 nominativo,
1315 646 1520 701 usurpari
1540 646 1742 701 possunt,

214 702 261 740 et
281 703 332 741 ut
349 702 496 744 activa
517 715 552 743 s.
574 704 824 755 transitiva,
853 702 1064 755 adjuncto
1096 705 1248 746 statim
1277 705 1325 745 in
1355 704 1511 746 eadem
1541 702 1744 759 enuntia-

215 756 341 799 tione
363 760 628 801 accusativo.
692 759 801 802 Haec
828 761 906 801 ubi
937 762 1143 802 convenit
1171 762 1309 816 priori
1343 761 1474 803 modo
1507 761 1633 815 poni,
1666 773 1746 802 sae-

213 814 321 869 pius
339 817 629 871 posteriorem
649 819 826 860 modum
861 822 1122 870 sequuntur.
1186 819 1415 874 Aristoph.
1444 817 1562 860 Plut.
1594 815 1666 859 56.
1699 815 1745 859 σὺ

213 873 399 929 πρότερον
415 874 569 923 σαυτὸν,
602 876 640 917 ὅς
659 892 717 918 τις
734 873 783 924 εἷ’,
815 877 966 931 φράσον.
1028 874 1231 931 Xenoph.
1253 874 1356 930 Cyri
1377 875 1499 918 Disc.
1521 890 1563 918 v.
1599 875 1638 923 l,
1674 873 1742 917 19.

208 926 324 978 Ἐγὼ
347 933 451 980 ὑμᾶς
469 929 555 972 οῖδα
577 937 722 987 σαφῶς,
744 934 800 974 ὅτι
833 963 843 974 .
877 965 887 975 .
923 964 932 974 .
966 932 1171 984 ἐξήλθετε.
1232 932 1335 975 Luc.
1362 932 1529 986 Evang.
1549 932 1648 975 xiii.
1667 931 1742 985 25.

213 990 261 1028 et
280 986 354 1029 27.
383 992 450 1029 οὐκ
484 988 569 1031 οἶδα
597 993 715 1044 ὑμᾶς,
743 990 866 1034 πόθεν
899 993 997 1033 ἐστέ.
1059 990 1109 1034 In
1143 993 1212 1034 his
1249 990 1386 1034 σαυτὸν
1422 994 1466 1032 et
1487 992 1590 1038 ὑμᾶς
1622 990 1745 1032 salvo

214 1055 350 1087 sensu
369 1049 518 1100 potest
537 1050 701 1090 omitti.
762 1048 857 1092 Nec
877 1054 1027 1091 tamen
1046 1051 1156 1098 veri,
1190 1054 1234 1091 et
1259 1049 1338 1103 qui
1356 1049 1444 1090 dici
1467 1049 1620 1096 solent,
1642 1051 1746 1090 sunt

213 1101 476 1155 pleonasmi.
541 1104 639 1148 Hoc
674 1112 719 1149 et
757 1121 837 1161 per
875 1121 921 1148 se
962 1108 1247 1160 intelligitur,
1280 1109 1323 1147 et
1357 1107 1520 1147 clarius
1551 1106 1615 1153 fit,
1645 1118 1745 1147 cum

211 1158 263 1200 in
301 1161 442 1215 priori
483 1169 700 1203 commate
737 1177 824 1204 non
858 1167 1038 1217 ponitur
1071 1176 1330 1217 pronomen,
1372 1163 1449 1204 sed
1480 1176 1664 1210 nomen;
1696 1169 1746 1205 ut

211 1215 440 1273 Aristoph.
464 1219 615 1261 Nubb.
643 1218 778 1261 1147:
823 1222 889 1261 καί
917 1237 981 1268 μοι
1017 1220 1080 1261 τὸν
1113 1220 1204 1269 υἱὸν,
1237 1223 1266 1261 εἶ
1297 1219 1508 1270 μεμάθηκε
1539 1219 1602 1261 τὸν
1631 1221 1745 1270 λόγον

214 1274 365 1324 ἐκεῖνον,
387 1278 482 1317 εἶπέ·
513 1282 565 1318 ut
585 1276 700 1319 Plut.
722 1277 792 1319 55.
814 1276 1032 1326 πυθοίμεθ’
1055 1276 1097 1319 ἂν
1118 1280 1182 1318 τὸν
1201 1278 1383 1333 χρησμὸν
1403 1279 1529 1327 ἡμῶν,
1561 1278 1580 1318 ὅ
1602 1295 1638 1318 τι
1659 1281 1745 1319 νοεῖ.

211 1329 370 1388 Elirip.
394 1332 580 1389 Hippol.
609 1334 733 1377 1250.
766 1338 808 1376 οὐ
829 1335 1038 1383 δυνήσομαί
1067 1352 1166 1375 ποτε
1202 1336 1265 1375 τὸν
1298 1335 1358 1378 σὸν
1388 1334 1577 1375 πιθέσθαι
1610 1335 1745 1384 παῖδ’,

213 1388 318 1431 ὅπως
337 1391 437 1431 ἐστὶν
466 1393 593 1433 κακός.
653 1391 838 1434 Temere
870 1393 1008 1445 igitur
1043 1392 1210 1434 Pareus
1239 1394 1285 1433 in
1315 1391 1422 1434 Lex.
1459 1391 1572 1434 Crit.
1610 1390 1744 1433 Man-

211 1446 309 1495 tiss.
340 1461 386 1503 p.
411 1447 481 1490 71.
521 1447 578 1490 Te
596 1453 770 1491 tantum
791 1454 836 1492 et
858 1448 951 1498 Me,
989 1450 1101 1491 nihil
1133 1451 1331 1504 cogitans
1353 1450 1407 1491 de
1427 1450 1618 1498 ratione,
1647 1450 1743 1491 vult

211 1506 435 1560 παρέλκειν.
496 1505 702 1550 Fortasse
734 1511 779 1550 et
808 1508 1020 1549 nonnulla
1052 1509 1184 1561 hujus
1213 1508 1387 1561 generis
1413 1508 1519 1548 olim
1549 1506 1743 1562 gravita-

214 1566 317 1610 tem,
348 1563 496 1606 nescio
522 1578 675 1619 quam,
709 1566 977 1614 habuerunt,
1010 1566 1084 1606 sed
1119 1567 1249 1620 lapsu
1283 1569 1536 1620 temporum
1565 1569 1746 1619 propter

211 1618 491 1674 frequentem
510 1636 641 1664 usum
656 1624 725 1670 ‚sic
750 1624 1059 1676 elanguerunt,
1089 1628 1141 1664 ut
1169 1625 1262 1677 jam
1294 1636 1349 1664 ex
1381 1624 1468 1665 alio
1500 1623 1623 1664 fonte
1642 1623 1742 1664 laus

209 1679 415 1777 ‹Slue5edam
450 1680 539 1722 illis
583 1681 774 1736 petenda
810 1681 1024 1723 videatur.
1104 1679 1176 1723 Cf.
1219 1694 1256 1722 e.
1292 1694 1334 1735 g.
1377 1682 1521 1737 pleon.
1565 1680 1743 1723 articuli

269 1793 308 1848 ξ.
330 1793 401 1836 21.
431 1794 658 1839 Postremo
691 1799 832 1840 multa
865 1801 1046 1840 ornatus
1076 1810 1212 1839 causa
1240 1799 1480 1851 ponuntur,
1510 1810 1610 1850 quae
1641 1809 1739 1838 sen-

209 1863 290 1893 sus
320 1856 500 1897 omnino
534 1868 621 1896 non
651 1857 807 1910 poscit.
868 1853 970 1897 Huc
1002 1855 1146 1897 refero
1179 1855 1400 1909 inprimis,
1431 1867 1527 1907 quae
1558 1858 1741 1910 propter

212 1921 421 1953 numeros
451 1913 709 1955 inseruntur
740 1915 988 1962 sententiis,
1033 1916 1084 1954 ut
1118 1913 1302 1967 paribus
1331 1925 1488 1965 nempe
1516 1913 1643 1966 paria
1672 1925 1739 1953 re-

212 1968 479 2021 spondeant,
521 1984 602 2013 nec
631 1972 766 2013 verba
805 1975 986 2027 propter
1028 1984 1159 2012 sonos
1189 1971 1357 2013 vicinos
1386 1969 1629 2017 offendant,
1659 1973 1740 2011 aut

212 2030 398 2080 propter
427 2030 701 2083 paucitatem
731 2029 862 2070 nimis
893 2030 983 2072 cito
1013 2029 1381 2084 praeterlabantur
1410 2039 1557 2078 aures,
1587 2031 1667 2069 etc.
1689 2030 1741 2068 ut

215 2082 421 2139 Xenoph.
452 2085 555 2140 Cyri
591 2085 712 2132 Djsc.
752 2088 778 2128 i.
809 2086 854 2135 2,
892 2087 928 2128 1.
961 2085 1057 2127 εἶδος
1085 2087 1155 2135 μὲν
1183 2088 1406 2134 κάλλιστος,
1437 2085 1582 2139 ψυχὴν
1612 2084 1651 2126 δὲ
1681 2094 1741 2138 φι-

215 2139 555 2197 λανθρωπότατος.
617 2144 749 2186 Diod.
789 2143 877 2186 Sic.
915 2146 974 2186 iv.
1018 2145 1087 2186 61.
1131 2142 1285 2199 μικροὺς
1321 2144 1391 2190 μὲν
1429 2146 1506 2183 τοῖς
1539 2140 1763 2191 μεγέθεσι,’

216 2198 394 2241 πολλοὺς
414 2201 452 2242 δὲ
475 2202 537 2244 τὸν
565 2201 738 2258 ἀριθμόν.
801 2203 977 2244 Similia
993 2195 1228 2244 retulimus
1247 2201 1302 2243 ad
1323 2201 1588 2254 gravitatem
1608 2200 1645 2255 ξ.
1672 2198 1738 2240 17.

214 2253 320 2298 Vid.
341 2262 387 2300 et
406 2257 675 2302 Praemonita
708 2261 761 2303 de
795 2261 1084 2302 substantivis
1120 2259 1165 2300 S.
1190 2261 1248 2301 vi.
1280 2263 1324 2301 et
1346 2257 1654 2312 praemonitum
1683 2257 1739 2298 de

210 2315 372 2357 verbis.
446 2317 533 2359 Sed
565 2319 654 2361 haec
684 2319 912 2362 hactenus.
984 2317 1100 2360 Nam
1143 2317 1388 2372 peculiaria
1424 2315 1625 2369 quaedam
1655 2315 1722 2358 ele

263 2483 285 2505 ¹*
309 2484 438 2519 Latiori
462 2497 558 2519 sensu
587 2488 728 2519 verbum
755 2487 945 2529 elegantiae,
1010 2497 1090 2518 num
1110 2497 1217 2528 neque
1239 2495 1334 2516 sensu
1351 2486 1458 2525 neque
1483 2483 1598 2532 verbis
1620 2483 1739 2525 depre-

215 2526 306 2559 sicut
321 2529 453 2561 Ernesti
470 2531 502 2562 in
520 2533 696 2564 Rhetoricis
723 2532 842 2569 Iuniis,
867 2531 949 2567 alii-⁷
1011 2530 1183 2561 hendatur.
1238 2530 1286 2560 Ita
1311 2527 1456 2566 Quintil.
1483 2537 1532 2558 vx.
1557 2529 1588 2566 3,
1619 2528 1670 2557 17.
1703 2532 1737 2575 et

213 2581 280 2612 que
304 2572 403 2610 alibi,
433 2574 619 2615 posuimus,
641 2574 814 2615 complexi
842 2574 944 2606 etiam
1015 2575 1086 2604 107.
1143 2574 1217 2604 Hoc
1243 2583 1340 2603 sensu
1367 2571 1399 2602 in
1425 2570 1675 2602 Commentario
1702 2579 1735 2599 m

214 2615 452 2648 urbanitatem.
495 2617 717 2649 Commodius
745 2618 809 2649 hoc
833 2618 943 2649 visum
1010 2616 1198 2649 orationem
1222 2615 1294 2647 Cic.
1311 2625 1374 2656 pro
1396 2614 1446 2645 M.
1473 2613 1636 2645 Marcello
1659 2614 1689 2653 ξ.
1703 2616 1736 2643 4.

214 2664 279 2696 est,
299 2670 402 2700 quam
416 2660 524 2692 divisa
552 2661 584 2693 in
609 2662 724 2702 plures
750 2665 863 2703 partes
876 2662 945 2692 ele·
1009 2659 1094 2699 dixi,
1115 2661 1267 2692 hodierno
1281 2659 1334 2690 dle
1348 2657 1455 2698 magis
1471 2657 1636 2688 urbanum
1650 2665 1736 2704 esse,

214 2701 342 2741 gamin,
358 2708 391 2734 et
404 2703 570 2736 adhibitis
587 2705 741 2746 pluribus
755 2704 944 2743 vocabulis,
1008 2714 1111 2745 quam
1125 2704 1230 2741 hodie,
1251 2701 1379 2743 quippe
1400 2701 1445 2731 ab
1462 2699 1600 2748 homine
1618 2698 1734 2747 ‘polito

212 2744 324 2777 fontes
346 2747 619 2787 pleonasmorum
632 2748 821 2789 dispergere
837 2747 870 2778 in
894 2747 941 2779 ri·
1008 2747 1041 2778 in
1065 2746 1278 2778 orationibus
1305 2743 1482 2785 diligenter
1509 2747 1645 2783 scriptis
1672 2751 1735 2790 sse-

210 2789 311 2820 vulos
325 2790 462 2830 plures.-
495 2792 559 2822 Per
580 2802 615 2822 se
636 2797 748 2823 autem
768 2791 939 2822 urbanitas
1004 2790 1082 2831 pius
1099 2795 1304 2831 usurpatum.
1353 2787 1494 2835 Monere
1515 2786 1579 2817 hoc
1596 2786 1738 2826 placuit,

209 2836 261 2863 est
286 2833 462 2875 proprium
488 2844 619 2872 nomen,
641 2845 709 2875 quo
732 2833 939 2874 significatur
1003 2834 1161 2875 quoniam
1200 2831 1260 2863 Vir
1289 2831 1430 2878 Doctus·
1450 2840 1483 2861 m
1509 2829 1619 2870 Leipz.
1651 2828 1732 2860 Lite.

207 2875 346 2915 quidam
369 2877 402 2908 in
424 2888 485 2909 usu
502 2878 683 2909 verborum
703 2883 817 2919 gustus
831 2877 936 2916 urbis,
1007 2878 1086 2909 Zeit.
1104 2879 1155 2908 32.
1172 2877 1219 2908 St.
1240 2876 1332 2905 1806.
1350 2873 1540 2912 dubitabat,
1560 2882 1629 2914 qua
1646 2881 1679 2903 m
1695 2880 1729 2903 re

206 2918 284 2958 (der
300 2921 530 2964 Ηααρίεεαιίι),
545 2920 579 2953 in
600 2932 668 2963 quo
689 2921 775 2954 nihil
790 2920 938 2961 peregri·
1005 2919 1078 2952 istic
1093 2919 1314 2952 urbanitatem
1330 2916 1517 2959 posuerim.
