1838 3164
764 115 1046 152 omem—oroi.
1117 139 1119 141 -
1572 102 1661 147 221.

208 218 230 243 ⁴*
259 213 309 258 In
328 216 546 272 ἐγχειρίδια.
601 214 699 259 Vid.
724 215 987 273 Hesychium
1006 220 1052 260 in
1073 219 1157 260 hac
1174 229 1295 265 voce,
1322 219 1367 259 et
1386 217 1650 260 Salmasium

148 274 192 315 in
213 273 326 316 titul.
344 275 639 317 Animadvers.
665 276 707 315 in
724 274 925 331 Simplic.
946 282 990 318 et
1004 275 1144 331 Epict.
1176 274 1336 318 LmsN.

608 349 637 382 *¹
665 353 861 406 OPMH,
891 351 1185 400 IMPE'TUS.

204 434 255 478 In
281 438 384 492 ’ἔχειν
400 439 515 494 apud
548 437 788 481 Homerum
820 438 948 481 Iliad.
982 438 1038 482 N.
1070 452 1110 481 v.
1136 437 1238 480 326.
1270 436 1381 479 Νῶϊν
1416 436 1456 477 δ’
1487 435 1556 478 ὧδ’
1589 435 1652 477 ἐπ’

160 495 172 509 ’
193 495 306 550 ιστέρ’
323 497 393 549 ’ἔχε
405 499 580 551 στρατοῦ.
611 497 687 537 ubi
707 495 850 539 Schol.
867 496 942 539 Gr.
973 499 1094 538 λείπει
1115 496 1171 543 δὲ,
1192 495 1264 539 τὴν
1284 495 1417 550 ὁρμήν.
1435 494 1650 536 SGHWEB.

183 552 316 593 assim
341 554 441 606 ἔχειν
474 554 502 594 i.
519 566 558 606 q.
587 556 761 595 ἐλαύνειν.
790 555 866 596 ubi
893 555 971 596 alii
1001 555 1208 609 supplent
1238 553 1308 606 τὴν
1337 553 1518 607 ωορείανε
1548 552 1653 592 sim-

145 608 301 661 plicius
332 623 566 664 pronomen
599 612 868 665 reciprocum
886 612 1132 653 subaudias.
1190 609 1292 652 Vid.
1311 608 1572 661 Wesseling.
1592 609 1651 649 ad

147 662 356 708 Herodot.
378 680 422 721 p.
457 666 558 716 482,
580 667 648 709 74.
681 667 820 724 Heyn.
854 670 910 710 ad
945 669 1128 711 Homer.
1155 666 1208 711 Il.
1245 666 1293 708 E.
1315 681 1353 707 v.
1381 665 1655 709 loo—Sub·-

144 722 297 764 audias
327 724 367 764 h.
390 738 429 765 v.
465 726 519 767 ad
550 726 781 768 formulam
812 727 887 767 αι’-πὸ
913 729 1022 775 μιᾶς,
1055 727 1110 767 de
1143 739 1231 780 qua
1250 738 1330 766 suo
1352 737 1472 766 more
1502 722 1649 764 Irmis-

143 779 268 821 chius
288 778 392 823 Exc.
411 782 473 823 ad
499 783 612 824 Libr.
635 785 663 824 i.
688 782 927 825 Herodiani
961 798 1005 838 p.
1026 783 1123 825 861.
1184 782 1316 824 Plene
1351 781 1438 823 Dio
1471 780 1649 822 Cassius

141 837 174 876 t.
197 837 224 876 i.
243 850 284 891 p.
301 837 402 886 576,
428 839 491 881 17.
511 840 572 880 καὶ
593 840 667 880 ἀπὸ
682 844 773 888 μιᾶς
794 843 925 896 ὁρμῆς,
939 843 971 882 οἱ
989 842 1059 889 μὲν
1076 842 1322 889 ἐπαιώνησαν,
1346 839 1394 891 (Ι.
1408 836 1667 892 ἐτνιναιιοῦνισοιν),Λ

146 894 178 933 οἱ
197 892 236 933 δὲ
255 895 498 951 ὠλοφύροντο.
561 898 632 939 Sic
650 898 834 940 fortasse
866 899 1030 940 tuearis
1051 901 1094 940 et
1123 899 1314 952 explices
1346 895 1647 951 Xenophontis

142 948 299 1006 Oyrop.
320 953 376 995 iv.
400 952 442 1002 6,
461 954 504 995 4.
562 957 740 1003 βέβληκα
760 964 832 1010 μιᾷ
852 955 905 997 δὶς
921 955 1070 1009 ἐφεξῆς.
1101 960 1245 1011 πληγῇ
1265 969 1295 996 s.
1317 957 1419 1011 βολῇ
1439 953 1651 996 subaudit

145 1004 372 1052 Fischerus
389 1024 430 1066 p.
451 1010 550 1055 291.
584 1011 786 1054 Sensim.

678 1106 701 1129 ¹¹⁶
722 1101 928 1153 ΟΡΝΙΣ,
959 1102 997 1144 Α
1010 1100 1118 1146 VIS.

163 1213 165 1216 ,
199 1172 249 1216 In
276 1175 463 1228 φασιανὸς,
494 1176 539 1217 in
573 1176 782 1224 βασιλικὸς,
813 1191 951 1230 quum
980 1178 1164 1231 ponitur
1197 1189 1280 1231 pro
1317 1173 1491 1221 α’κανθῗς,
1527 1175 1654 1215 duom--

144 1228 299 1284 θυλλῖς,
336 1233 403 1273 vel
437 1236 724 1288 ἀστραγαλῖνος,
766 1236 792 1275 i.
833 1248 869 1275 e.
919 1233 1143 1276 carduelis.
1219 1232 1433 1275 Videatur
1469 1228 1651 1273 Florens

143 1285 419 1331 Christianus
438 1290 493 1331 ad
513 1289 733 1345 AriStoph.
754 1291 926 1339 Pacem,
941 1305 982 1332 v.
1003 1290 1122 1333 1078.

198 1343 248 1387 In
264 1346 535 1395 ἑπιτυμβίόιος.
593 1346 703 1389 Vide
721 1347 1006 1390 Scholiastem
1019 1347 1239 1390 Theocriti
1258 1346 1316 1389 ad
1332 1344 1458 1401 Idyll.
1478 1345 1554 1389 vii.
1575 1345 1645 1388 23.

144 1403 401 1452 ἑπιτυμβίδιος
418 1403 508 1460 ’όρνις
527 1408 592 1446 est
612 1404 782 1446 alauda.
814 1404 979 1447 LEISN.

683 1490 704 1512 ³*
723 1484 900 1537 ΟΡΟΣ,
931 1485 1115 1530 MONS.

197 1559 248 1604 In
291 1564 539 1607 nominibus
577 1565 793 1606 montium
832 1565 1027 1607 absolute
1064 1564 1223 1619 positis
1260 1560 1519 1604 subauditur
1545 1559 1644 1615 ὅρος,

142 1619 260 1672 quod
298 1621 433 1662 etiam
470 1621 668 1663 additum
702 1623 860 1675 saepius
907 1623 1135 1678 reperitur.
1214 1619 1393 1661 Homer.
1429 1618 1553 1660 Iliad.
1594 1615 1643 1659 Z.

145 1689 183 1718 V.
205 1674 297 1719 133.
326 1677 419 1720 Esne
434 1681 520 1719 κατ’
548 1678 711 1728 ’ἠγάθεον
737 1677 947 1723 Νυσσήὶόν.
969 1694 1001 1721 S.
1032 1679 1126 1735 ὅρος.
1186 1677 1265 1721 Est
1297 1677 1414 1719 enim
1440 1676 1503 1724 τὸ,
1535 1673 1650 1715 Νυσ-

143 1733 242 1777 σήΐον
261 1734 523 1788 adjectivum
543 1736 719 1779 κτητικὸν
739 1749 766 1777 a
785 1735 943 1788 Νύσσα,
965 1738 1031 1779 vel
1066 1735 1216 1785 Νύσαι,
1250 1748 1339 1788 quo
1358 1735 1535 1775 nomine
1553 1732 1651 1786 plu-

140 1803 206 1832 res
243 1793 372 1834 urbes
409 1794 601 1842 fuerunt,
639 1807 677 1834 v.
718 1792 962 1848 Stephanus
996 1792 1177 1847 ‘E5v07p.
1223 1793 1269 1834 in
1310 1804 1352 1832 v,
1387 1789 1536 1831 Νύσαι.
1595 1787 1648 1830 In

142 1846 303 1904 Λαύριον
322 1851 439 1904 apud
467 1850 655 1904 Thucyd.
682 1852 755 1892 lib.
778 1853 835 1892 vi.
856 1865 890 1892 c.
913 1850 981 1892 91.
1013 1855 1059 1893 et
1089 1850 1350 1891 Pausaniam
1379 1861 1422 1902 p.
1442 1846 1483 1888 2.
1514 1846 1651 1887 Plene

141 1902 376 1959 Thucydid.
408 1908 484 1949 lib.
519 1909 565 1949 ii.
595 1922 630 1950 c.
652 1907 722 1949 55.
755 1907 894 1963 Μέχρι
928 1908 1097 1964 Λαυρίου
1113 1907 1229 1963 ὅρους.
1291 1905 1365 1948 Sic
1394 1904 1549 1946 Strabo
1567 1905 1647 1948 lib.

122 1962 192 2003 'ii.
213 1976 259 2017 p.
279 1962 376 2004 207.
399 1963 449 2006 Β.
472 1966 532 2012 τό,
560 1982 602 2005 τε
633 1963 840 2006 Ἀπέννινον
864 1964 956 2020 ὅξος.
1021 1964 1198 2018 Dionys.
1222 1962 1365 2005 Halic.
1388 1963 1463 2003 lib.
1489 1962 1518 2002 i.
1539 1974 1581 2015 p.
1603 1959 1649 2002 8.

62 2043 66 2050 ·
143 2024 218 2060 τῶν
239 2018 459 2062 Ἀπεννινῶν
493 2025 596 2077 ὀρῶν.
655 2020 706 2063 In
739 2021 1038 2078 ’Axpoxt-poedwoe.
1099 2021 1171 2064 Sic
1199 2023 1253 2062 de
1286 2019 1479 2062 Vesuvio
1497 2024 1650 2060 monte

142 2074 321 2130 Dionys.
345 2076 489 2120 Halic.
511 2080 586 2119 lib.
606 2079 636 2120 i.
657 2093 702 2134 p.
726 2079 791 2121 ll.
828 2083 902 2120 τῶν
935 2078 1149 2134 Κεραυνίων
1170 2082 1259 2133 ὀρῶν
1269 2079 1447 2120 πλησίον.
1480 2075 1643 2116 Eadem

140 2134 307 2187 ellipsis
347 2137 410 2177 est
440 2148 607 2189 quoque
645 2136 762 2191 apud
802 2134 995 2178 Latinos.
1057 2137 1131 2179 Sic
1171 2135 1292 2176 Mela
1330 2135 1405 2176 lib.
1446 2134 1494 2175 ii.
1528 2147 1567 2175 c.
1604 2132 1642 2173 6.

139 2187 367 2246 Pyrenaeus
388 2192 528 2248 primo
566 2192 664 2235 hinc
693 2193 741 2235 in
772 2192 1070 2235 Britannicum
1098 2192 1309 2250 procurrit
1340 2190 1566 2233 Oceanum.
1609 2203 1644 2230 s.

137 2261 271 2290 mons.
333 2248 544 2292 Horatius
576 2251 653 2292 lib.
675 2252 704 2293 i.
725 2251 793 2291 od.
816 2252 882 2292 iii.
903 2250 975 2293 20.
1035 2250 1224 2307 Infames
1252 2247 1443 2306 scopulos
1467 2246 1641 2289 Acroce-

138 2304 310 2348 raunia.
368 2305 487 2350 Idem
508 2306 653 2350 Carm.
676 2309 818 2351 saecul.
842 2321 884 2350 v.
909 2307 979 2351 69.
1040 2307 1225 2365 Quaeque
1244 2304 1501 2349 Aventinum
1533 2308 1644 2346 tenet

143 2361 444 2421 Algidumque.
466 2365 677 2408 Scnwnn.

197 2423 226 2446 ’¹¹‘
252 2419 348 2462 Hoc
365 2426 440 2463 aut
472 2424 613 2464 simile
641 2423 938 2465 summitatem
964 2425 1174 2466 denotans
1207 2420 1498 2476 supplendum
1534 2423 1645 2475 puto

142 2479 189 2519 in
219 2476 412 2532 Oppiani
446 2480 626 2523 halieut.
648 2480 695 2522 E.
716 2479 817 2522 252.
853 2482 946 2522 στὰς
965 2481 1003 2522 δὲ
1033 2481 1136 2521 κατὰ
1166 2483 1405 2535 προβλῆτος.
1434 2484 1550 2519 stans
1568 2489 1644 2518 au-

140 2540 222 2577 tem
240 2535 288 2577 in
311 2535 565 2593 praecipitio.
625 2538 880 2579 Adscribam
911 2552 1013 2580 vero
1044 2538 1177 2580 verba
1200 2538 1283 2578 viri
1311 2535 1425 2577 docti
1446 2549 1501 2576 ex
1533 2533 1641 2574 Obs.

143 2591 253 2635 Crit.
285 2595 370 2635 vol.
406 2595 464 2636 ix.
497 2599 529 2636 t.
550 2596 579 2636 i.
613 2609 656 2650 p.
696 2594 789 2636 129.
867 2601 895 2619 “
933 2595 1062 2650 Apud
1097 2593 1337 2636 Homerum
1369 2605 1539 2647 semper
1567 2592 1644 2632 ad-

137 2652 287 2704 jectivi
308 2651 452 2693 forma
472 2653 561 2694 haec
589 2653 814 2693 adhibetur
832 2665 931 2701 νοΧ,
963 2653 1109 2694 addito
1137 2650 1413 2693 substantivo
1444 2650 1642 2695 σκόπελος,

142 2707 262 2749 Iliad.
285 2707 336 2750 B.
365 2707 463 2750 396.
498 2710 564 2750 vel
594 2710 712 2759 ἀκτὴ,
741 2707 892 2763 Odyss.
926 2708 975 2750 E.
1007 2709 1106 2751 405.
1141 2707 1302 2762 Hymn.
1335 2706 1492 2748 Bacch.
1524 2705 1567 2746 3.
1597 2709 1642 2746 et

143 2767 257 2820 apud
276 2765 488 2821 Lycophr.
525 2765 624 2808 808.
657 2766 805 2807 Nonn.
833 2766 861 2808 i.
882 2766 982 2818 316,
1002 2766 1100 2808 319.
1123 2765 1203 2807 40:
1235 2765 1278 2806 4.
1339 2764 1485 2805 Potest
1505 2765 1644 2804 etiam·

141 2823 327 2877 intelligi
347 2827 473 2878 πέτρα
494 2826 560 2866 vel
580 2828 647 2873 «γῆ.
678 2823 824 2865 Etiam
841 2838 937 2865 cum
955 2825 1054 2866 aliis
1074 2823 1374 2870 substantivis,
1419 2826 1467 2861 ut
1486 2823 1644 2867 στῆλαι,

143 2878 269 2924 Iliad.
294 2880 356 2924 M.
375 2879 477 2925 259.
537 2881 771 2937 [Agathias
805 2879 957 2938 Epigr.
978 2882 1073 2925 viii.
1110 2894 1197 2925 ver.
1233 2881 1261 2924 3
1308 2878 1486 2936 προβλὴς
1515 2878 1568 2920 ’ὥς
1587 2893 1644 2919 τις
