1838 3164
622 468 1284 572 PRAEFATIO

440 658 964 715 EDITIONIS
1042 645 1472 720 QUARTAE.

204 1026 317 1091 EN
337 1045 457 1094 Tibi,
489 1044 646 1088 Lector
679 1044 907 1097 BenevoIe,
939 1047 1141 1100 quartam
1178 1043 1310 1096 hujus
1328 1038 1527 1096 opuseuli
1556 1037 1715 1081 editio-³

205 1115 304 1144 nem
324 1109 426 1158 post
444 1104 551 1144 duas
571 1102 784 1156 Belgicas,
806 1106 850 1144 et
870 1114 1002 1144 unam
1015 1100 1304 1156 Lipsiensem‚
1335 1098 1714 1157 qualibuscunque

202 1162 318 1201 curis
338 1162 496 1202 nostris
514 1173 732 1201 excusam.
766 1159 896 1202 Circa
911 1172 1042 1215 quam
1063 1159 1241 1212 quidem
1262 1157 1502 1199 editionem
1519 1157 1716 1196 nostram

202 1218 441 1259 notandum
464 1222 546 1266 est,
566 1231 662 1259 eam
698 1223 782 1260 non
803 1218 1037 1259 secundam
1069 1229 1180 1266 esse,
1217 1216 1292 1258 sed
1311 1215 1507 1262 tertiam,
1539 1224 1637 1269 quae
1657 1211 1715 1253 ad

202 1276 436 1317 secundam
464 1275 668 1318 Auctoris
688 1274 970 1317 Celeberrimi
991 1274 1277 1330 Franequerae
1315 1281 1589 1319 cmmccxn.
1624 1267 1712 1312 edi-

200 1335 290 1373 tam
311 1345 529 1388 expressa,
561 1337 606 1374 et
638 1334 993 1375 annotationibus
1025 1334 1188 1374 nostris
1218 1333 1349 1373 aucta
1382 1333 1463 1372 est.
1524 1326 1713 1375 Caussa,

199 1402 277 1431 cur
298 1390 343 1432 id
365 1403 632 1439 moneamus,
664 1392 754 1433 haec
775 1395 864 1433 est:
899 1390 1044 1445 Belgae
1059 1391 1106 1432 in
1129 1388 1348 1442 Catalogo
1369 1386 1567 1443 Operum
1586 1383 1715 1427 Lam-

201 1446 313 1488 berti
349 1447 436 1489 Bos
470 1453 570 1503 post
603 1454 886 1491 memoratam
919 1451 1107 1505 primam
1148 1447 1384 1490 editionem
1422 1445 1487 1487 sic
1513 1444 1714 1500 ponunt:

206 1509 237 1530 “
269 1503 326 1546 Et
355 1518 454 1547 cum
488 1506 862 1549 Annotationibus
883 1506 1200 1561 Schoettgenii‚
1232 1503 1355 1560 Lips.
1395 1501 1519 1545 1711.
1551 1501 1716 1544 iterum

203 1562 331 1603 editae
353 1567 399 1604 et
415 1564 470 1603 ab
490 1563 679 1606 Auctore
702 1566 961 1620 quibusdam
983 1566 1092 1607 locis
1107 1567 1263 1612 auctae,
1293 1560 1479 1613 Franeq.
1501 1559 1556 1601 A.
1591 1555 1715 1600 1712.

211 1619 334 1661 12⁸.”
392 1619 557 1662 Fucum
579 1623 714 1675 igitur
730 1623 836 1664 fecit
856 1622 1130 1670 Lectoribus,
1163 1620 1366 1678 quisquis
1386 1619 1480 1660 haec
1498 1618 1564 1659 ita
1582 1616 1716 1670 scrip—

207 1678 280 1725 sit,
312 1681 354 1719 et
388 1679 648 1732 persuadere
668 1681 871 1722 omnibus
891 1683 1046 1729 voluit,
1078 1681 1316 1722 editionem
1338 1676 1545 1718 Auctoris
1566 1677 1718 1716 nostra

205 1734 343 1777 fuisse
361 1737 666 1789 posteriorem,
687 1738 801 1790 quod
823 1739 952 1792 longe
974 1752 1098 1781 secus
1133 1741 1199 1779 est
1223 1751 1233 1777 ε
1267 1748 1371 1777 nam
1404 1734 1540 1776 editio
1570 1734 1718 1773 nostra

206 1793 371 1845 prodiit
392 1806 476 1834 non
498 1793 578 1835 An.
608 1794 731 1836 1711.
754 1796 829 1836 sed
856 1796 978 1840 1713.
1041 1795 1180 1837 Miror
1212 1795 1364 1847 igitur,
1395 1791 1511 1844 quod
1539 1789 1717 1844 quidam

207 1863 262 1891 ex
280 1848 506 1893 Germanis
528 1852 690 1893 nostris
705 1849 724 1888 'f’
743 1854 828 1894 sibi
850 1855 932 1898 hac.
954 1857 999 1897 in
1028 1857 1153 1908 parte
1185 1851 1352 1906 imponi
1386 1848 1505 1904 passi
1525 1849 1643 1897 sunt,
1674 1848 1720 1887 et

209 1908 325 1960 quod
346 1908 410 1948 illi
431 1922 509 1962 per
526 1910 741 1951 malitiam
771 1913 1057 1966 scripserunt,
1092 1923 1172 1965 per
1207 1908 1424 1951 incuriam
1444 1905 1581 1948 secuti
1601 1905 1717 1946 sunt.

214 1963 421 2006 Poterant
440 1965 554 2007 enim
583 1967 761 2008 titulum
794 1970 1000 2012 editionis
1037 1973 1198 2011 nostrae
1218 1965 1415 2022 quotidie
1437 1963 1576 2006 oculis
1593 1973 1719 2003 usur-

212 2035 334 2076 pare.
397 2021 481 2063 Sed
512 2024 603 2065 haec
628 2025 722 2077 Jam
741 2025 1022 2068 dimittimus.

270 2077 374 2120 Non
393 2081 612 2122 immerito
632 2085 776 2123 autem
800 2084 909 2124 mihi
926 2087 1139 2136 gratulor,
1171 2083 1286 2136 quod
1307 2083 1397 2123 haec
1419 2080 1555 2121 editio
1574 2079 1722 2118 nostra

216 2141 261 2178 et
280 2139 601 2187 annotationes,
631 2152 741 2194 quas
763 2145 864 2182 tunc
895 2142 1266 2195 adsperseramus,
1297 2139 1570 2180 eruditorum
1597 2135 1722 2188 plau-

218 2207 309 2235 sum
331 2200 571 2237 consecutae
603 2197 706 2238 sint.
768 2197 839 2239 Sic
875 2200 992 2240 enim
1023 2199 1235 2240 Auctores
1269 2196 1446 2236 Summe
1477 2190 1722 2233 Reverendi

220 2249 501 2294 Relationum
546 2252 837 2297 Innocuarum
870 2257 1137 2308 judicarunt,
1182 2255 1378 2296 libellum
1419 2252 1534 2292 hunc
1570 2248 1722 2289 multis

218 2309 325 2350 locis
357 2308 513 2363 Script.
545 2311 686 2353 Sacrae
725 2313 871 2354 lumen
907 2315 1154 2364 accendere,
1200 2310 1316 2365 quod
1351 2308 1525 2350 aliunde
1558 2307 1724 2347 frustra

215 2370 358 2420 petas,
387 2379 588 2419 quorsum
622 2371 837 2426 praecipue
871 2372 1198 2413 observationes
1230 2381 1335 2410 meae
1370 2366 1641 2421 pertineant:
1674 2375 1727 2403 ac

218 2424 402 2477 proinde
439 2425 492 2465 ab
532 2427 732 2468 omnibus
775 2428 926 2470 Theol.
969 2428 1183 2470 Studiosis
1237 2425 1386 2468 sedulo
1442 2421 1726 2464 evolvendum
1762 2449 1764 2452 -

223 2493 333 2528 esse,
363 2485 513 2535 utpote
545 2496 673 2535 quem
707 2485 860 2527 iisdem
892 2487 1095 2528 brevibus
1114 2484 1307 2539 quidem,
1337 2481 1412 2523 sed
1440 2481 1650 2533 majorem
1678 2478 1725 2518 in

222 2538 398 2578 modum
433 2541 726 2583 commendent
742 2547 772 2583 ⁰.
852 2542 902 2584 In
934 2544 1180 2585 Academiis
1221 2540 1482 2594 quibusdam
1511 2535 1724 2587 Theologi

221 2596 388 2648 pariter
409 2600 452 2637 et
484 2595 699 2651 Philologi
735 2601 918 2642 eundem
947 2601 1122 2656 publice
1144 2598 1515 2644 commendarunt,
1542 2593 1649 2648 quia
1677 2593 1726 2633 in

225 2650 470 2704 Philologia
489 2653 621 2696 Sacra
639 2658 793 2709 utique
821 2660 1062 2700 utilitatem
1096 2670 1221 2700 suam
1242 2656 1435 2697 exhibet.
1496 2650 1603 2693 Haec
1636 2661 1725 2691 non

223 2709 320 2750 ideo
354 2710 535 2759 adduco,
566 2714 680 2764 quod
711 2727 779 2755 me
810 2716 980 2758 laudari
1001 2720 1229 2770 tantopere
1260 2714 1501 2767 gaudeam
1533 2708 1609 2751 sed
1629 2711 1724 2750 tan-

221 2769 328 2818 tum,
350 2771 399 2808 ut
420 2767 499 2818 illi,
529 2771 605 2821 qui
626 2771 730 2812 solis
757 2769 1092 2815 auctoritatibus
1122 2777 1352 2827 reguntur,
1384 2769 1589 2816 habeant,
1608 2765 1727 2820 quod

386 2902 403 2920 ὃ
425 2897 572 2930 Histoire
588 2899 737 2942 Critique
751 2903 790 2933 de
805 2903 839 2934 la
853 2902 1002 2944 Republ.
1016 2905 1073 2936 des
1086 2904 1227 2942 Lettres,
1249 2908 1330 2935 tom.
1346 2901 1415 2934 xiv.
1433 2911 1466 2943 p.
1481 2902 1555 2932 355-

388 2938 406 2962 b
430 2940 526 2972 Nova
539 2941 695 2975 litteraria
710 2944 804 2985 Lips.
818 2946 927 2979 Germ.
941 2957 974 2979 a.
989 2949 1084 2979 1717.
1098 2958 1133 2989 p.
1149 2949 1221 2978 331.

401 2987 416 3006 c
438 2983 735 3019 Relat.1nnocent.
751 2989 791 3020 A.
810 2991 901 3021 1⁷13.
926 3000 959 3030 p.
975 2992 1036 3022 695
