1838 3164
702 151 1058 183 xEQAAH-—meAPA-

1571 133 1648 178 137

150 259 419 305 καλύπτεσθαι
447 257 748 311 ἐγκαλύψασθαι
791 260 956 303 subint.
986 258 1058 303 τῆν
1093 255 1279 313 κεφαλήν.
1316 255 1334 299 l
1367 254 1467 300 Cor.
1506 258 1566 301 xi.
1604 259 1647 303 6.

149 319 270 373 quod
283 320 460 362 additur
473 332 562 361 ver.
584 318 626 361 7.
657 317 926 361 Senon-rra.

207 377 235 404 ἶ·
272 375 323 419 In
352 379 439 419 κατ’
473 375 523 418 αἰι
572 393 590 417 ς
631 378 771 431 apud
783 376 963 419 Homer.
995 374 1123 419 Iliad.
1160 375 1219 417 N.
1249 373 1348 416 772.
1389 385 1425 415 S.
1462 376 1647 427 κεφαλῆς.

149 447 180 476 a
215 433 407 476 culmine.
436 446 478 476 v.

149 490 364 534 Scnwnn.

545 435 785 477 ustathium
811 435 868 476 ad
906 435 949 477 h.
981 434 1012 476 l.

434 491 581 533 Placet
615 490 780 534 Wassii
810 492 925 535 ratio
953 447 1082 562 nih’ilp
1093 489 1395 534 subaudientis
1422 491 1649 530 vertentis-

1087 431 1226 476 ..940
1256 434 1287 473 l.
1316 430 1387 472 37.
1418 444 1459 473 v.
1491 433 1648 486 κορυφή.

148 561 235 603 que
264 564 292 592 a
318 547 482 597 vertice,
511 562 539 591 a
566 548 772 592 culmine.-
814 553 866 592 ut
893 552 981 593 κατ’
1014 547 1134 605 ἄκρας
1161 548 1276 590 idem
1305 547 1362 588 sit
1398 547 1515 599 quod
1543 547 1649 589 κατὰ

148 624 190 647 κε
192 609 333 661 φαλῆς.

399 605 498 648 Vid.
529 608 623 660 ejus
666 607 880 650 Addenda
909 608 966 649 ad
993 606 1228 660 Thucydid.

1272 618 1318 660 p.
1347 603 1451 651 303,
1491 603 1561 645 86.
1599 604 1647 645 in

147 662 594 735 Dukeripraefatione.
624 663 856 721 Euripides
874 664 1087 707 Phoeniss.
1108 677 1151 706 v.
1178 661 1298 706 1192.
1327 662 1395 705 ed.
1416 661 1536 705 Pors.
1558 663 1646 705 κατ’

147 719 267 781 ἔκροον
282 723 491 779 περγάμων
508 725 604 765 ἑλεῖν
621 724 749 766 πόλιν.

811 722 1009 766 SanEr.

574 815 604 843 *ἒ
633 814 888 864 ΚΙΘΑΡΑ,
920 813 985 858 CI
990 813 1208 858 THARA

201 894 333 952 Apud
347 863 686 952 Aristophanem
702 897 968 952 Thesmoph.
995 895 1089 940 126.
1119 898 1322 953 κρούματα
1346 894 1525 938 Ἀσιάδος
1544 898 1648 938 sunt

138 952 292 1011 pulsus
327 968 403 998 seu
440 955 535 998 soni
569 955 746 1000 Asiadis
775 955 956 1000 citharas.

148 1084 214 1119 hoc
238 1087 402 1120 verbum·
430 1091 580 1132 supplicio
601 1092 712 1131 capitas
728 1090 866 1131 ferietur

144 1130 252 1171 geladia
263 1133 365 1164 ultore
370 1138 586 1173 prostratus.
561 1135 575 1154 ²
631 1135 746 1165 Posset
771 1144 833 1175 equ
838 1144 867 1164 1-

145 1172 222 1204 dem
235 1173 339 1206 alicui
354 1175 484 1208 oboriri
497 1176 670 1217 cogitatio,
681 1187 740 1207 cur
752 1186 816 1207 non
831 1183 864 1209 et

143 1215 232 1247 alius
244 1227 339 1249 casus
351 1218 559 1267 subIntelligi
579 1226 687 1260 queat,
710 1219 864 1260 inprimis

142 1257 173 1289 εἰ
187 1266 420 1316 argumentum
430 1261 539 1303 ipsum
554 1262 648 1301 velit,
661 1268 698 1293 ut
718 1262 794 1302 quis
808 1273 862 1293 ex.

141 1311 192 1342 gr.
221 1308 298 1343 post
328 1303 458 1344 ἀτηέμν
447 1317 523 1335 πται
559 1286 787 1345 subintelligat
809 1305 863 1336 vel

141 1345 232 1387 χιῖςκ
253 1346 306 1377 vel
330 1345 405 1378 τοδοι
417 1348 471 1379 vel
485 1347 578 1379 aliud
593 1347 745 1389 corporis
758 1357 862 1378 mem-

142 1387 261 1428 hrum,
283 1399 360 1420 cum
374 1389 529 1422 scilicet'
520 1401 552 1422 ιιι
567 1390 861 1422 constitutionibus

143 1429 370 1472 imperatoriis
405 1433 540 1474 legitur,
588 1434 602 1464 ὃ
629 1433 861 1476 πλαστογςοίφος

141 1473 349 1515 ἆτοτίμνιτοιι,
372 1486 478 1508 nonne
498 1477 547 1508 ibi
573 1477 686 1518 potius
700 1490 751 1510 την
771 1479 861 1520 χεῖρα

138 1527 238 1558 quam
261 1518 312 1552 τὸν
336 1519 465 1559 κεφαλὴν
487 1520 736 1561 subintelligere
757 1520 861 1551 habe-

141 1562 240 1592 mus?
261 1567 300 1593 ut
321 1561 365 1594 sit
390 1563 509 1594 Latine
534 1564 733 1594 reddendum
739 1564 861 1603 ,salsa-

139 1605 211 1636 rim
218 1614 323 1637 remu
333 1611 503 1639 tmnoatur
502 1606 783 1648 ‚quandoquidem
795 1606 861 1637 cri-

98 1659 102 1664 ·
140 1657 217 1679 men
230 1647 304 1679 falsi
314 1658 381 1680 non
395 1660 525 1691 semper
539 1650 684 1691 capitale
706 1660 778 1681 esse
799 1659 860 1680 no-

138 1695 212 1722 tum
234 1690 314 1723 satis
326 1698 390 1724 est.
436 1693 572 1731 Verum,
584 1699 659 1725 utut
679 1693 722 1725 sit
732 1694 773 1724 de
795 1692 862 1724 cri-

139 1732 232 1767 mine
249 1734 338 1773 falsi,
358 1735 463 1767 velim
487 1735 557 1768 dari
585 1736 721 1777 aliquod
748 1746 861 1767 exem-

139 1778 246 1818 plum,
275 1777 309 1809 in
334 1789 402 1820 quo
425 1779 622 1819 ιἰποτίμνετοιι
648 1781 690 1811 de
709 1785 861 1821 amputa-

139 1820 232 1853 tione
259 1831 372 1853 manus
398 1822 597 1864 simpliciter
621 1823 768 1863 ponitur,
789 1822 860 1854 sive

139 1863 175 1895 in
187 1863 343 1896 Basilicis
360 1865 431 1896 sive
448 1866 481 1897 in
497 1866 648 1897 Novellis
662 1872 719 1898 aut
735 1865 769 1897 in
781 1865 860 1897 aliis

140 1906 266 1939 Graecis
288 1908 482 1940 Autoribus.
526 1909 601 1940 Non
623 1909 778 1950 equidem
802 1919 861 1940 ne-

138 1950 300 1991 gaverim,
321 1963 356 1981 ‘ro
378 1952 606 1992 ἀποκεκομμένος
633 1953 688 1983 vel
713 1952 860 1986 &vom-rof

139 1992 338 2035 simpliciter
353 2000 467 2026 notare
480 2006 569 2035 eum,
582 2005 682 2035 quem
691 1997 861 2027 abscissum

139 2041 174 2068 et
197 2036 417 2077 ιῦνουχισθέντα
436 2044 555 2070 vocant
577 2037 739 2070 Canones.
783 2038 859 2069 Hoc

139 2089 217 2110 vero
246 2079 280 2112 in
307 2081 491 2120 ἀποτμηθεὶς
524 2091 590 2112 ιιοιι
625 2080 860 2122 ριοοεεεειίῑῧ,

137 2123 289 2163 quamvis
302 2123 388 2155 alias
402 2130 577 2165 utrumque
601 2124 738 2155 verbum
753 2124 787 2155 in
801 2134 859 2164 ge-

138 2165 245 2214 nerali
265 2165 508 2217 significatione
531 2167 717 2200 conveniat.
771 2168 858 2199 Usus

138 2208 230 2240 enim
252 2219 317 2241 non
347 2210 519 2251 permittit,
554 2216 591 2242 ut
617 2212 759 2242 alterum
795 2221 857 2252 pro

136 2253 243 2284 altero
271 2252 490 2285 substituatur
518 2253 551 2285 in
573 2253 768 2295 specialiori
797 2263 859 2284 no-

138 2293 240 2327 tione.
284 2296 347 2328 Ex.
359 2307 409 2338 gr.
425 2296 568 2336 &riez-epm
580 2295 703 2346 Ηρόδης
726 2310 772 2327 τον
785 2297 858 2340 Πςᾶ-

140 2335 237 2380 δρομον
250 2339 373 2379 passim
386 2341 474 2381 apud
497 2340 716 2373 recentiores
711 2340 858 2372 Graecos

139 2381 307 2421 reperias.
329 2382 389 2414 ubi
403 2383 432 2414 si
444 2383 520 2424 quis
535 2383 712 2415 substituat
734 2396 768 2414 «ro
783 2382 858 2415 ἀπέ-

141 2425 231 2462 κοψε,
254 2435 320 2456 ιιοιι
343 2430 469 2457 tantum
492 2426 565 2458 sine
589 2426 766 2458 autoritate
780 2426 857 2457 lite-

139 2477 249 2508 rarum
264 2467 299 2500 id
312 2467 438 2508 fecerit,
459 2479 575 2501 verum
598 2469 700 2501 etiam
725 2468 760 2501 in
785 2479 858 2500 sen-

138 2521 212 2541 sum
226 2510 382 2543 inciderit
405 2521 426 2542 a
446 2522 482 2543 re
500 2512 677 2567 proposita
700 2512 857 2560 alienum.

141 2553 278 2585 Rursus
297 2553 472 2585 ἅπασαι-ειν
500 2555 598 2586 intuear
616 2556 732 2586 eadem
754 2554 858 2595 signi-

137 2596 294 2628 ficatione
328 2596 452 2628 dixeris
475 2608 540 2639 qua
573 2598 712 2637 ἐκτέμνειν
748 2598 856 2634 ἑαυτὸν,

137 2649 302 2680 nunquam
315 2650 393 2671 veto
416 2641 582 2680 ἀποτέμνειν
605 2642 714 2680 inaura»,
727 2651 789 2682 pro
812 2641 858 2672 εὖ-

138 2682 278 2728 νουχῖσαι.
323 2684 605 2726 Ἀκξωτηριοίζεοθαι
627 2684 763 2715 verbum
778 2695 856 2725 pro-

1033 915 1464 1010 Subintelligendum
1508 954 1647 1008 igitur

929 1089 1039 1131 prium
1053 1094 1102 1121 est
1118 1088 1173 1128 iis,
1185 1087 1308 1130 quibus
1330 1097 1444 1120 manus
1467 1093 1524 1119 aut
1547 1088 1648 1128 pedes

927 1139 984 1165 aut
1006 1132 1121 1165 virilia
1133 1137 1355 1173 amputantur.
1399 1131 1548 1162 Canones
1561 1141 1647 1171 quos

927 1182 1046 1208 vocant
1061 1176 1311 1216 Apostolorum,
1338 1175 1373 1205 u’
1384 1175 1427 1209 τὶς
1444 1174 1574 1216 κληριιιός
1599 1173 1646 1209 ὢν,

928 1219 1027 1250 iam-ov
1054 1221 1197 1262 a'xgwrngt
1189 1218 1268 1254 ιοίσει,
1295 1217 1505 1261 καθαιρείσθω,
1526 1219 1554 1248 82⁸
1576 1219 1648 1257 quis

930 1264 1069 1294 Clericus
1080 1264 1189 1294 virum
1199 1261 1442 1299 sibiahsciderit,
1454 1261 1647 1301 deponamr.

927 1304 1061 1336 Canone
1085 1308 1139 1336 22.
1190 1304 1354 1335 Caeterum
1376 1304 1465 1344 quod
1490 1304 1602 1334 locum
1626 1313 1648 1333 e

926 1347 1084 1379 Basilicis
1099 1347 1241 1388 petitum
1262 1346 1392 1385 attinet,
1408 1346 1466 1381 ille
1493 1345 1527 1377 in
1555 1345 1646 1376 Con-

926 1390 1032 1422 stitut.
1047 1390 1170 1421 Leonis
1183 1389 1302 1421 lxxvii.
1317 1389 1363 1421 ita
1384 1395 1511 1421 exstat:
1534 1388 1549 1418 ὅ
1562 1395 1649 1419 πλα-

924 1433 1086 1476 στογροίφος
1112 1433 1161 1464 ‘ta-i
1186 1432 1320 1472 μεγίστῳ
1347 1433 1545 1475 ἅμαςτῆμοιτι
1570 1432 1648 1462 ἆτο-

926 1476 1072 1516 ιι-ἒμνεται,
1077 1476 1236 1517 falsarius
1249 1478 1284 1506 in
1297 1477 1438 1508 ‘maximo
1449 1476 1556 1507 delicto
1571 1485 1648 1516 sup-

919 1521 1012 1560 plia-lb
1026 1521 1155 1561 capitali
1173 1520 1329 1561 afficitur.-
1349 1518 1495 1557 mallem,
1516 1522 1649 1560 propter

923 1564 1105 1595 maximum
1115 1563 1263 1595 delictum
1271 1564 1371 1603 capite
1383 1563 1570 1594 mulctatur.
1593 1561 1648 1592 In-

925 1606 973 1637 fra
999 1606 1090 1637 enim
1119 1605 1291 1647 sequitur:
1315 1604 1343 1636 si
1373 1604 1548 1636 falsatione
1575 1604 1647 1645 ejus

924 1649 1052 1681 crimen
1073 1649 1218 1690 capitale
1232 1654 1394 1680 mereatur
1410 1647 1577 1686 innocens,
1592 1646 1647 1688 ip-

924 1703 998 1724 sum
1032 1692 1203 1724 falsarium
1237 1691 1347 1722 eidem
1394 1700 1502 1732 poenae
1538 1689 1646 1731 subji-

924 1735 1078 1767 ciendum
1121 1735 1416 1776 decollandumque
1457 1744 1542 1771 esse,
1583 1733 1648 1765 ubi

925 1778 1046 1810 iterum
1072 1784 1122 1810 est
1146 1778 1374 1817 ἀποτέμνεσθαι.
1403 1776 1556 1815 ama-{usu
1586 1787 1648 1807 au·-

923 1827 1004 1860 tem,
1033 1828 1070 1854 ut
1102 1821 1216 1852 Codex
1251 1820 1361 1852 Sancti
1394 1819 1561 1856 Germani,
1586 1819 1647 1859 qui

925 1865 1059 1896 Glossas
1094 1864 1253 1902 continet,
1287 1868 1433 1901 annotat,
1474 1862 1562 1893 idem
1597 1867 1646 1894 est

923 1909 1012 1948 quod
1034 1907 1256 1947 ἀπακεφαλίζω.
1298 1906 1464 1938 Labbaeus
1484 1905 1647 1946 Castigat.

926 1950 960 1982 in
975 1951 1122 1983 Glossar.
1139 1949 1280 1982 Photius
1300 1948 1467 1980 Biblioth.
1489 1948 1572 1980 Cod.
1590 1950 1646 1979 79.

925 1992 958 2025 in
977 1994 1052 2032 fine,
1075 1993 1193 2027 ἀλέντες
1208 1992 1434 2031 ἀπετμήθησαν,
1446 1994 1531 2033 capti
1548 1996 1579 2023 et
1591 2002 1647 2023 ca-

921 2038 986 2078 pite
999 2039 1138 2069 mamati
1151 2041 1239 2067 sunt.
1282 2036 1387 2066 Autor
1407 2034 1551 2067 incertus
1577 2035 1646 2065 De-

923 2086 1060 2111 monstr.
1083 2079 1268 2119 Chronogr.
1291 2078 1442 2119 Spectac.
1458 2079 1490 2108 4.
1507 2077 1646 2117 ἀπετμή-

923 2124 965 2156 sn
1000 2123 1037 2156 εἰς
1074 2121 1100 2153 ἲν
1124 2122 1179 2152 er&
1204 2121 1334 2152 σκαλίινν
1359 2122 1410 2152 τοῦ
1440 2121 1531 2152 αὐτοῦ
1553 2121 1648 2164 piem,

921 2168 1022 2208 capite
1032 2171 1198 2198 trummas
1210 2170 1256 2196 est
1276 2167 1311 2196 in
1324 2164 1468 2206 quadam
1481 2165 1549 2205 fori
1560 2168 1646 2205 ejus-

920 2210 994 2241 dem
1021 2211 1120 2241 scala.
1164 2208 1329 2239 Interdum
1353 2216 1462 2239 tamen
1488 2207 1513 2237 οἱ
1535 2208 1645 2238 ἀποτε-

921 2252 1047 2292 μνόμενοι
1077 2257 1231 2293 poterunt
1257 2261 1329 2282 esse
1359 2252 1645 2282 exeommunicati.-

922 2296 983 2327 ubi
1011 2295 1327 2335 subintelligendum
1355 2295 1406 2328 τῆς
1435 2293 1572 2327 κοινωνίας
1595 2293 1645 2323 ἔκ-

923 2340 1142 2374 κληοιιιοτικῆς,
1187 2337 1274 2376 [ἰιιιο
1311 2338 1362 2371 γῆς
1399 2337 1643 2370 ἔκκλητιοιστιιιῆς

922 2382 1074 2422 κοινωνίας]
1098 2382 1223 2414 abscissi
1246 2392 1269 2413 α
1292 2382 1510 2412 communione
1536 2380 1644 2411 Eode-

921 2428 989 2456 sioe.
1023 2425 1085 2456 Sed
1108 2425 1238 2465 quando
1264 2424 1335 2455 haec
1363 2422 1563 2463 significatio
1592 2423 1645 2454 lo-

921 2479 999 2500 cum
1026 2468 1159 2505 habeat,
1193 2467 1303 2509 ipsum
1331 2466 1443 2498 statim
1468 2465 1643 2504 ὑποκείμενον

921 2510 1028 2543 dabit.
1073 2510 1210 2542 Interim
1222 2521 1264 2541 ex
1275 2509 1376 2541 dictis
1386 2508 1514 2550 liquere
1524 2507 1642 2539 existi·
1657 2546 1661 2549 p

921 2565 976 2586 mo
991 2564 1057 2585 non
1071 2560 1161 2586 recte
1174 2553 1316 2585 Fabrum
1338 2551 1510 2593 accepisse
1530 2553 1643 2583 locum

921 2598 1076 2629 Basilicae
1088 2598 1256 2629 laudatum
1270 2597 1311 2627 de
1320 2595 1386 2628 viri
1395 2594 1641 2627 mutilatione-’²

921 2641 1085 2672 Scmmr.

185 2745 199 2763 ²
215 2743 310 2775 Conf.
326 2744 550 2786 praefationem
562 2744 750 2785 Tyrwhitti,
766 2744 892 2776 Summi
918 2743 1007 2783 Viri,
1020 2745 1062 2775 ad
1077 2743 1211 2776 Lithica
1227 2754 1261 2785 p.
1286 2740 1350 2774 vii.
1370 2740 1448 2781 (lvi.
1462 2742 1514 2773 ed.
1529 2740 1641 2782 Lips.)

136 2797 202 2827 quo
217 2786 326 2818 minus
339 2788 471 2819 dubites
485 2789 525 2819 de
540 2787 669 2819 Kiihnii
685 2787 966 2830 interpretatione.
1011 2787 1084 2819 8οΗ
1088 2797 1172 2818 41:1⁷

183 2859 198 2879 ³
214 2864 290 2896 Νοιι
312 2865 476 2906 procedit,
499 2865 528 2897 si
553 2875 658 2907 ponas
682 2864 902 2906 simpliciter.
926 2865 1090 2906 procedit,
1103 2863 1131 2895 si
1155 2864 1234 2905 quid
1260 2864 1372 2901 addas,
1392 2861 1481 2902 quod
1495 2859 1541 2891 τᾶν
1553 2861 1640 2890 εὐνου-

138 2907 243 2947 χωμόν
264 2908 397 2940 indicet.
442 2909 496 2940 Sic
514 2908 766 2949 Phrynichusp.
786 2911 856 2943 118.
870 2919 911 2944 ex
930 2919 1036 2974 eoque
1050 2908 1199 2978 Thomas
1217 2907 1309 2975 Mag.
1323 2917 1358 2951 p.
1377 2906 1448 2939 139.
1470 2903 1640 2946 σημαίνει-

138 2950 184 2994 ‘nii
185 2950 429 2998 ἀππιτμημίιη
437 2950 482 2987 τὰ
496 2950 605 2988 αἰδοῖοι
623 2952 819 2990 Senatum·-
