1838 3164
486 152 776 196 PRAEFM'IO
803 150 1065 193 EDITORIS
1092 149 1384 190 HALENSIS,
1556 146 1679 188 xxxiii

164 280 381 323 contextu-
394 275 624 322 verborum
645 273 784 322 Bosii,
814 272 862 315 in
898 276 1026 315 sexta
1043 270 1236 314 editione
1254 270 1425 317 obvias,
1456 282 1545 311 non
1564 282 1681 311 sem-

162 348 245 391 per
266 335 515 391 supplevit;
546 334 680 376 immo
710 344 844 374 novos
874 331 1106 373 verborum
1137 328 1335 370 desectus
1364 328 1413 369 in
1442 340 1570 368 suam
1588 328 1680 368 edis

166 393 338 441 tionem,
371 392 582 446 irrepere,
611 394 657 433 et
696 390 916 444 integrum
954 389 1135 431 titulum
1173 386 1221 428 in
1258 383 1416 440 Euipffi
1454 385 1683 427 nominum

169 447 411 498 ΠΟΝΟΣ,
438 447 576 500 labor,
605 448 755 491 abesse
772 446 990 503 permisit.

842 542 882 597 ς.
912 537 1010 582 xn.

224 623 451 679 Superest,
490 628 542 666 ut
577 624 631 665 de
672 635 787 665 nova
822 622 903 664 hac
937 624 1091 664 nostra
1129 619 1311 673 hujusce
1347 618 1451 661 libri
1490 617 1685 660 editione

240 683 324 732 ,cis
341 682 551 725 dicamus.
612 680 926 728 Pei-venerant,
943 692 1041 733 quae
1061 680 1109 722 in
1130 676 1398 733 Bibliopolio
1409 675 1686 719 Martiniano

168 695 606 795 mansum-erant
633 738 905 793 exemplaria
924 736 1046 779 Edit.
1077 738 1138 778 vi.
1172 735 1381 778 emtionis
1407 736 1509 789 jure
1543 735 1590 776 in
1618 738 1687 777 ta-

171 797 351 855 hemam
382 798 608 840 librariam
642 795 1030 852 Orphanotrophei
1064 793 1288 836 Halensis.
1348 793 1436 834 Sed
1469 793 1559 835 baec
1587 793 1689 846 ipsa

170 855 375 911 exempla
388 869 488 909 cum
501 855 623 897 brevi
638 855 846 897 defutura
864 854 1132 903 viderentur,
1150 856 1195 894 et
1209 864 1310 894 vero
1321 851 1416 899 illa,
1432 849 1562 899 laude
1572 851 1688 894 alias

169 925 254 970 sua
287 926 373 956 non
407 913 665 964 fraudanda,
694 911 1027 954 Schwebeliana
1063 910 1214 958 editio,
1245 910 1377 951 nimis
1396 921 1500 951 caro
1537 910 1585 951 in
1618 909 1688 952 his

169 970 261 1017 oris
275 971 639 1027 pretio.veniret;
669 971 935 1021 consultum,
964 968 1288 1011 communicato
1305 980 1406 1009 cum
1435 967 1576 1014 doctis
1592 967 1690 1021 qui-

168 1019 355 1072 busdam
374 1027 497 1071 Viris
530 1028 731 1077 consilio,
767 1029 993 1075 duximus,
1024 1027 1080 1068 ad
1112 1038 1274 1068 novam
1293 1038 1424 1078 quam
1445 1025 1515 1067 hie
1533 1025 1689 1074 damus

171 1086 411 1128 editionem
440 1086 638 1127 animum
673 1087 878 1139 adjicere,
910 1085 1153 1139 praesertim
1172 1097 1272 1125 cum
1295 1087 1562 1139 opportuna,
1591 1095 1688 1136 quae

171 1156 249 1186 nos
269 1144 326 1185 ad
346 1144 427 1186 hoc
447 1144 595 1199 ipsum
615 1143 882 1191 hortaretur,
914 1146 1028 1184 esset
1047 1142 1230 1184 occasio.

830 1244 869 1298 §-
900 1241 1020 1285 X111.

183 1353 189 1370 ι
210 1326 360 1369 2-Nacti
391 1326 596 1369 videlicet
628 1338 805 1367 eramus
836 1327 1063 1380 exemplar
1080 1326 1301 1379 quoddam
1326 1326 1466 1368 tertiae
1482 1326 1691 1368 editionis

172 1382 681 1439 ffliipsiumGraecarum
705 1382 843 1430 Bosii,
873 1384 921 1425 in
955 1385 1082 1438 cujus
1110 1385 1311 1437 margine
1344 1384 1509 1424 multas
1544 1385 1691 1426 obser-

172 1442 372 1485 vationes
407 1442 699 1497 adscripscrat
734 1440 990 1494 Philologus
1028 1442 1280 1496 primarius,
1312 1439 1365 1482 B.
1406 1438 1691 1484 Christianus

175 1498 437 1545 Benedictus
486 1499 732 1550 Michaelis,
782 1499 1012 1541 Professor
1047 1499 1154 1542 olim
1197 1499 1452 1552 Theologiae
1496 1500 1692 1552 itemque

174 1557 340 1601 Graecoe
357 1562 404 1600 et
436 1557 732 1600 Orientalium
751 1556 1023 1611 Linguamm
1051 1559 1099 1599 in
1128 1563 1282 1600 nostra
1310 1556 1551 1598 Academia
1583 1559 1694 1600 cele-

172 1616 403 1667 berrimus
464 1614 620 1669 Itaque
655 1619 834 1670 gratum
870 1616 1025 1658 multis
1058 1616 1218 1657 harum
1252 1615 1500 1656 litterarum
1519 1615 1694 1670 cupidis

173 1674 336 1716 facturi
368 1673 643 1723 videbamur,
670 1674 710 1715 si
740 1674 1071 1715 observationes
1104 1674 1205 1715 illas
1238 1671 1337 1714 Viri
1374 1672 1441 1714 vel
1475 1676 1577 1727 post
1598 1673 1694 1715 fata

174 1730 467 1779 Venerabilis,
490 1732 546 1773 ad
565 1732 906 1774 illustrationem
935 1731 1048 1774 sacri
1070 1732 1232 1777 codicis
1252 1731 1473 1778 collectas,
1504 1732 1552 1772 in
1571 1744 1695 1785 repe-

176 1789 311 1833 tenda
329 1789 523 1831 editione
541 1790 679 1833 libelli
701 1788 880 1831 Bosiani
898 1797 999 1831 cum
1018 1789 1122 1831 orbe
1145 1789 1321 1831 erudito
1347 1789 1694 1830 communicare-

176 1860 292 1895 mus,
322 1848 408 1890 rati
430 1848 475 1902 id
493 1861 518 1889 e
548 1861 597 1890 re
617 1849 665 1889 in
682 1848 840 1902 primis
873 1848 971 1889 fore
999 1847 1251 1895 multorum,
1280 1846 1370 1900 qui.
1387 1844 1696 1888 sacrae'Philo-

178 1906 307 1959 logiae
324 1905 486 1947 studiis
506 1918 685 1960 operam
705 1905 827 1953 dant,
847 1906 886 1947 si
901 1905 1157 1958 hujusmodi
1177 1903 1502 1947 accessionibus
1521 1905 1694 1947 noviter

181 1963 396 2005 instructa
411 1963 546 2004 editio
566 1963 737 2005 modico
756 1963 868 2018 ipsis
886 1964 1032 2018 pretio
1051 1963 1349 2005 exhiberetur.

170 784 183 790 ·‘
197 785 201 796 Δ

840 2065 883 2120 ς.
912 2062 1031 2107 xlv.

206 2142 514 2187 ulnaituimus
538 2148 690 2188 autem
722 2147 770 2188 in
803 2146 886 2189 hac
915 2146 1111 2188 editione
1139 2145 1421 2188 collationem
1432 2143 1575 2188 {sextae
1603 2145 1697 2188 edis

176 2202 313 2245 tionis
330 2201 566 2258 Ellipsium
579 2202 834 2246 Graeearum
850 2203 973 2247 Bosii
986 2218 1086 2246 cum
1099 2204 1292 2246 editione
1304 2205 1440 2246 tertia
1459 2217 1533 2245 seu
1550 2205 1696 2259 prima

178 2258 398 2315 Lipsiensi
429 2265 474 2303 et
505 2263 653 2316 priore
688 2262 1006 2316 Schoettgenii.
1072 2260 1145 2304 Ea
1167 2262 1376 2304 methodo
1405 2261 1694 2317 deprehendi-

179 2330 278 2360 mus
299 2318 519 2361 lacunam
553 2321 721 2374 passim
759 2321 911 2362 obvias
939 2321 1209 2374 integrorum
1241 2333 1449 2362 versuum
1487 2321 1534 2361 in
1556 2323 1693 2362 ¹textu

183 2373 325 2425 Bosii,
354 2377 571 2419 interdum
597 2378 732 2420 etiam
755 2379 1086 2433 Schoettgenii:
1119 2379 1197 2420 hos
1224 2391 1377 2420 versus
1395 2392 1432 2420 s.
1459 2378 1694 2421 verborum

185 2434 339 2483 lineas,
352 2447 452 2488 quae
470 2435 518 2476 in
537 2435 807 2478 editionibus
819 2435 1137 2484 Leisnerianis,
1154 2439 1289 2489 atque
1308 2437 1443 2478 etiam
1458 2436 1504 2477 in
1521 2435 1694 2485 Schwe-

180 2490 374 2539 beliana,
404 2493 667 2545 exciderant,
697 2495 1025 2549 supplevimus3
1053 2497 1098 2536 et
1126 2494 1240 2536 alias
1254 2494 1449 2546 mendas,
1477 2506 1574 2547 quae
1591 2506 1693 2549 pas-

184 2548 270 2590 sim
290 2555 605 2600 remanserant,
635 2553 908 2596 sustulimus.

849 2643 891 2699 §.
922 2640 1027 2686 XV.·

245 2721 343 2768 Hoc
360 2729 514 2768 autum
534 2727 581 2770 in
600 2726 757 2783 primis
775 2740 891 2771 curae
905 2727 1036 2771 nobis
1068 2727 1173 2775 fuit,
1203 2731 1254 2770 ut
1273 2730 1523 2774 contextum
1542 2727 1695 2769 verbo-

186 2795 285 2825 rum
319 2781 461 2831 Bosii,
491 2797 571 2827 nec
605 2783 694 2832 non
721 2786 1076 2831 observationum
1097 2784 1415 2838 Schoettgenii,
1444 2786 1608 2838 tabique
1631 2787 1696 2827 in-

186 2843 360 2894 tegrum
380 2846 426 2883 et
441 2841 758 2892 cohaerentem„
778 2847 828 2891 ut
848 2857 931 2900 par
951 2848 1064 2892 erat,
1094 2843 1388 2889 redderemus
1445 2841 1539 2884 ina*
1560 2844 1697 2896 igitur

183 2899 349 2947 omnia,
378 2912 475 2953 quae
496 2901 552 2942 ab
572 2901 722 2955 aliqua
741 2904 984 2956 posteriore
1014 2915 1143 2944 manu
1179 2903 1225 2943 in
1245 2904 1500 2944 contextum
1527 2902 1695 2942 intrusa

181 2960 322 3007 erant,
372 2958 418 3000 in
468 2961 870 3017 convenientiorem
930 2961 1075 3007 locum
1111 2961 1358 3016 rejecimuS.
1434 2959 1542 3007 Quae
1592 2971 1695 3000 vero
