1838 3164
172 150 252 195 174
533 156 605 195 DE
636 151 845 195 ELLIPSI
875 143 945 194 ΕΤ
970 142 1309 194 PLEONASMO

166 267 243 323 φῂς
261 267 490 324 α’δελφικόνῗ
511 267 712 312 Rarioris
732 269 887 311 formae
909 267 990 309 hoc
1010 270 1078 310 est
1094 267 1212 324 apud
1232 267 1416 310 eundem
1437 269 1682 324 poetam'in

163 325 417 370 Trachiniis
437 327 594 371 v.'394.
619 328 703 370 Ὠς
733 327 905 383 ἕρποντος
924 326 1066 381 εἰσορᾷς
1087 328 1191 374 ἐμοῦ.
1221 326 1339 379 quod
1357 327 1536 382 proprie
1557 328 1596 370 Si
1616 329 1682 371 di-

163 396 255 435 cas,
290 386 374 428 erit
394 388 443 427 ὦς
458 386 599 442 εἰσορᾷς
621 385 711 433 ἐμὸν
731 384 831 432 τόδε,
864 382 1050 438 ἕξποντος.
1111 383 1212 425 Duo
1243 386 1331 426 alia
1351 385 1568 440 exempla,
1586 390 1683 439 quae

164 442 212 483 in
233 441 353 485 Bosii
374 444 488 485 libro
519 457 565 499 p.
586 442 685 484 458.
720 446 1063 484 commemorata
1081 445 1200 490 sunt,
1232 454 1319 484 non
1342 442 1427 486 huc
1444 444 1683 498 pertinent,

164 500 242 542 sed
262 499 722 543 ad'commutationem
743 502 859 542 illam
880 499 1066 540 duarum
1085 500 1410 552 loquutionum‚
1427 501 1482 542 de
1503 513 1591 555 qua
1610 508 1683 544 su'-

162 569 245 611 pl'a
265 561 577 614 exposuimus:
612 561 664 600 ὦς’
690 563 766 608 γνῶ
787 558 1009 610 χωομένοιο,
1042 561 1089 599 et
1120 556 1326 607 ἀεξομένοιο
1357 557 1681 608 &adduxere-'meist

162 615 209 656 id
231 620 297 657 eSt
317 619 367 658 ὡς
385 621 515 666 *γνῶσιν
545 618 640 671 ’έσχε
668 617 880 670 χωομένου,
912 618 957 654 et
985 613 1208 656 διδάσκαλός
1230 617 1307 658 ἐστι
1327 616 1446 664 μηνὸς
1465 615 1681 666 αἐξομένου.

162 671 318 727 Neque
345 675 401 716 ad
430 677 624 717 nostram
645 673 989 727 disputationem
1011 673 1203 725 pertinet
1239 673 1470 728 Sophoclis
1498 677 1618 716 locus
1636 675 1684 716 in

160 729 413 774 Trachiniis
435 746 473 774 V.
495 731 593 775 927.
627 730 756 780 Κάγὼ
787 729 950 785 δρομαία
982 731 1092 778 fiad,
1127 730 1276 787 ὅσονπερ
1303 731 1464 780 ἕσῧενον,
1500 735 1556 788 τῷ
1574 731 1687 773 παιδῖ

74 787 296 847 158φράζω
328 793 399 834 τῆς
433 791 665 839 κασιγνήταις
700 787 807 829 τάδε·
836 788 913 828 ubi
938 785 1222 840 Musgravius
1246 790 1358 830 male
1409 792 1507 831 utat
1524 791 1684 843 geniti-

162 857 267 891 vum
288 860 312 888 e
333 848 464 890 verbo
485 848 614 903 φράζω
634 847 839 900 pendere.
902 843 1041 886 Recte
1057 859 1158 886 eum
1178 844 1432 894 Erfurdtius
1446 858 1546 899 cum
1563 848 1685 894 scho-

161 906 296 948 liasta
315 906 446 962 adi-521
467 904 571 949 παιδὶ
591 904 742 946 refert.
803 902 921 945 Nam
951 903 987 944 si
1014 903 1069 944 ad
1091 904 1224 960 φράζω
1244 905 1501 959 pertineret,
1531 905 1687 950 abesse

161 966 383 1019 oporteret
403 963 636 1004 articulum
654 964 742 1006 τῆς.
1463 979 1465 982 ·

219 1020 431 1076 Superest
462 1021 575 1062 alius
605 1020 790 1073 genitivi
811 1020 987 1062 nomine
1006 1021 1197 1062 carentis
1220 1033 1341 1070 usus,
1377 1024 1466 1075 quo
1484 1024 1600 1066 reete
1618 1021 1685 1066 in-

160 1079 339 1120 tellecto
362 1080 518 1132 ingens
541 1078 767 1132 ellipsium
794 1091 1000 1120 numerus
1037 1083 1302 1121 removetur.
1362 1078 1547 1123 Obtinet
1565 1079 1687 1123 enim

160 1148 241 1191 per
259 1150 432 1178 omnem
453 1134 654 1177 Graecam
674 1136 890 1190 linguam,
921 1140 986 1184 ut,
1016 1138 1141 1190 cujus
1161 1137 1226 1180 rei
1248 1137 1398 1190 aliqua
1429 1148 1533 1195 pars
1563 1136 1689 1182 intel-

160 1194 342 1247 ligatur,
373 1207 426 1236 ea
459 1208 528 1236 res
560 1194 724 1235 omisso
744 1195 888 1248 partis
910 1195 1088 1236 nomine
1107 1208 1210 1236 casu
1233 1192 1546 1248 genitivo'cum
1566 1195 1686 1237 omni

161 1254 322 1304 genere
343 1254 589 1304 verborum,
612 1265 929 1306 quemcumque
950 1265 1004 1293 ea
1023 1266 1174 1294 casum
1205 1254 1290 1296 sibi
1322 1253 1503 1307 adJ‘ungi
1535 1257 1688 1312 postus

161 1310 272 1360 lent,
310 1310 506 1353 construi
540 1311 694 1366 possit.
782 1308 1041 1366 Cujusmodi
1077 1314 1197 1359 sunt,
1241 1309 1460 1360 ὁὶηἰέεσὲαιι,ι
1486 1313 1689 1353 ἀπολαύειν

161 1369 272 1408 τινός·
320 1367 523 1424 ἔρχεσθαι,
557 1367 636 1409 δεῖν
665 1366 813 1408 πεδίου·
845 1366 1036 1423 πληροῦν,
1068 1371 1196 1417 1γέμειν
1230 1370 1337 1409 τινός·
1368 1365 1532 1411 move-‘iras
1559 1372 1688 1411 waroc-

162 1430 252 1474 μοῦ·
284 1426 400 1480 (vide
423 1425 545 1467 Bosii
582 1425 745 1467 librum
781 1439 823 1480 p.
845 1424 946 1466 418.
983 1423 1081 1466 419.
1116 1423 1214 1467 4:27.
1250 1425 1350 1467 429.
1385 1424 1507 1483 442.)
1535 1427 1579 1467 et
1597 1426 1686 1467 alia

163 1483 527 1524 innumerabilia.
600 1481 652 1523 In
687 1483 846 1538 quibus
879 1483 1083 1524 formulis
1118 1483 1321 1524 omnibus
1352 1495 1441 1525 non
1475 1483 1688 1540 praeposi-

163 1541 299 1582 tionis
335 1541 426 1582 ulla
445 1540 616 1595 ellipsis
635 1544 719 1588 est,
751 1541 827 1582 sed
860 1541 1052 1582 nominis
1080 1541 1295 1582 indefiniti
1327 1541 1378 1580 τί.
1439 1539 1604 1585 Eodem
1623 1541 1687 1582 lo-

163 1598 326 1654 quendi
357 1597 488 1640 modo
522 1597 736 1639 Germani
766 1602 968 1646 utuntur,
999 1597 1153 1639 eadem
1174 1611 1274 1639 cum
1304 1597 1450 1653 ellipsi'
1478 1596 1690 1651 dicentes,

164 1655 238 1697 des
268 1660 403 1711 weges
432 1654 584 1711 gellen,
616 1654 689 1696 des
714 1654 869 1697 weines
903 1653 1089 1703 trinken,
1120 1659 1255 1712 atque
1287 1654 1394 1696 alia.
1452 1654 1539 1697 Sed
1569 1667 1686 1712 quae-

163 1713 391 1756 damsunt
411 1715 457 1754 in
480 1713 560 1755 hoc
591 1725 749 1766 genere
770 1714 959 1760 rariora,
991 1716 1041 1753 ut
1072 1714 1223 1754 κτείνειν
1255 1711 1394 1762 λίθων,
1424 1721 1688 1756 commemm

163 1775 312 1818 ratum
345 1784 388 1826 p.
410 1769 511 1812 419.
548 1770 749 1826 quaedam
780 1774 929 1813 autem
963 1770 1227 1819 difficiliora,
1260 1775 1324 1822 ut,
1362 1771 1477 1828 quod
1507 1774 1687 1829 prorsus

163 1830 411 1882 neglectum
447 1833 516 1870 est
559 1830 605 1871 in
640 1829 756 1870 libro
801 1828 1012 1877 Bosiano,
1053 1826 1238 1885 ’ἔρχεσθαι
1276 1826 1478 1878 α’γγελίηςζ
1537 1824 1687 1879 Quare

164 1886 247 1928 hoc
286 1888 440 1942 paucis
476 1886 757 1941 explicemus.
819 1886 875 1928 Et
914 1899 1051 1942 quum
1085 1887 1363 1940 grammatici
1399 1885 1578 1943 quidam
1610 1892 1686 1930 no-

164 1956 265 1986 men
296 1946 482 1995 ἁγγελίης
513 1943 633 1999 apud
671 1943 914 1986 Homerum
954 1945 1186 1987 masculini
1217 1944 1391 1998 generis
1422 1943 1534 1997 esse,
1563 1955 1686 1987 eum-

164 2015 268 2057 que,
299 2004 375 2059 qui
396 2002 582 2056 nuncius
602 2003 867 2054 mitteretur,
898 2003 1148 2056 significare
1178 2002 1483 2050 credidissent,
1513 2002 1687 2061 impug-

165 2071 272 2102 nare
308 2060 421 2103 hanc
451 2058 706 2115 opinionem
745 2074 978 2115 aggressus
1015 2064 1083 2102 est
1121 2059 1403 2102 Hermannus
1429 2058 1611 2114 ⁴Tollius
1639 2062 1693 2104 in'

77 2119 155 2166 159
167 2116 352 2160 seeundo
393 2131 579 2160 excursu
626 2119 683 2160 ad
732 2119 957 2173 Apollonii
1002 2119 1170 2160 lexicon
1219 2117 1522 2161 Homericum.
1601 2117 1687 2170 Qui

166 2189 302 2232 quum
322 2180 439 2218 recte
461 2190 564 2218 sane
599 2189 686 2218 non
713 2177 835 2218 aliud
854 2190 1028 2228 nomen,
1058 2190 1191 2232 quam
1223 2177 1489 2218 femininum
1518 2177 1701 2227 ἀγγελίη

167 2239 390 2288 agnoscat,
412 2235 522 2276 mire
540 2239 689 2276 tamen
709 2235 882 2277 fallitur
915 2235 961 2276 in
993 2248 1073 2279 usu
1110 2236 1206 2288 ejus
1233 2235 1425 2276 nominis
1453 2231 1703 2289 expedien-¹

165 2293 238 2333 do.
299 2293 363 2334 Ac
389 2294 575 2346 primus,
607 2306 694 2348 quo
728 2293 883 2345 utitur,
913 2295 1056 2352 poetae
1085 2293 1206 2334 locus
1244 2296 1311 2334 est
1338 2291 1467 2333 Iliad.
1491 2291 1550 2333 Δ.
1583 2291 1685 2335 384.

156 2348 276 2391 '‘E-‚⁴3¹
313 2348 399 2391 αὖτ’
432 2351 616 2399 ἀγγελίην
650 2350 711 2391 ἐπὶ
742 2348 853 2394 Τυδῆ
890 2353 1047 2391 στεῖλαν
1064 2350 1240 2403 Ἀχαιοί.
1300 2348 1393 2391 Ubi
1412 2361 1513 2390 cum
1532 2347 1691 2394 Eusta-

165 2407 264 2448 thio
283 2408 413 2449 verba
439 2409 501 2449 sic
528 2409 695 2462 jungit,
725 2405 836 2452 Τυδῆ
872 2409 931 2448 ἐπ’
965 2409 1152 2458 ἀγγελίην
1173 2409 1354 2449 στείλανε
1388 2407 1504 2463 quod
1523 2411 1574 2450 ut
1593 2409 1688 2451 fieri

165 2466 310 2520 possit
347 2479 427 2520 per
462 2466 626 2519 linguae
659 2466 795 2520 leges,
826 2479 914 2507 non
945 2470 1013 2507 est
1046 2469 1194 2507 tamen
1225 2466 1282 2507 ob
1315 2477 1491 2507 versum
1525 2466 1690 2510 facien-

166 2522 289 2571 dum,
325 2524 399 2579 qui
430 2523 491 2565 sic
523 2525 569 2564 in
589 2524 699 2565 duas
720 2524 911 2580 aequales
937 2526 1103 2578 partes,
1138 2536 1301 2577 magno
1334 2536 1436 2579 cumr
1452 2524 1690 2573 suavitatis

167 2592 449 2622 numerorum
482 2580 730 2637 dispendi0‚
761 2582 1044 2625 divideretur.
1106 2581 1271 2630 Quidni
1303 2594 1418 2632 vero*
1442 2580 1525 2623 hoc
1542 2579 1704 2631 dicere.

165 2642 351 2693 poetam
370 2643 592 2693 putemus,
627 2637 737 2684 Τυδῆ
772 2640 958 2688 ἀγγελίην
986 2640 1239 2683 ἓπέστειλανῖ
1270 2638 1444 2685 Deinde
1473 2636 1602 2681 Iliad.
1634 2637 1689 2686 Γ.
1759 2632 1766 2642 ”

164 2694 268 2738 205.
290 2694 406 2738 ”Ηδη
427 2697 501 2751 «γὰρ
522 2697 586 2738 καὶ
621 2696 724 2752 δεῦρο’
755 2699 842 2738 ποτ’
868 2696 992 2741 ’ἤλυθε
1014 2695 1089 2739 δῖος
1105 2695 1318 2739 Ὀδυσσεὺς
1352 2696 1429 2739 Σεῦ
1451 2695 1539 2738 ἕνεκ’
1569 2699 1688 2751 niwe-

165 2755 273 2802 λίης,
304 2751 367 2794 σὺν
396 2755 583 2810 ἀρηϊφίλῳ
603 2752 809 2811 Μενελάῳ.
871 2753 959 2796 Hic
990 2760 1093 2797 vero
1127 2756 1288 2798 iterum
1319 2768 1418 2796 cum
1451 2751 1689 2810 Eust'athio

167 2811 232 2855 Sic
266 2810 401 2854 verba
427 2812 661 2860 construit,
693 2811 798 2854 ἕνεκα
833 2813 1020 2863 ἀγγελίης
1053 2817 1131 2855 σεῦ.
1158 2811 1286 2855 Iliad.
1320 2811 1380 2854 N.
1409 2809 1515 2855 2522.v
1540 2810 1586 2854 ἦέ
1617 2829 1686 2856 τευ

167 2870 356 2918 ἀγγελίης
373 2870 462 2918 μετ’
484 2870 545 2918 ’ἔμ’
566 2868 739 2922 ἦλυὲεςς
767 2883 869 2913 cum
901 2863 1351 2927 scholiasta'quodam
1370 2870 1454 2925 «περὶ
1473 2869 1688 2913 omissum

166 2930 327 2983 putat3
358 2930 404 2970 et
424 2927 474 2969 εἰς
490 2939 593 2972 cum
612 2924 854 2974 Eustathio.
868 2927 993 2973 Iliad.¹
1013 2919 1072 2975 N.
1094 2920 1208 2977 ‘139,
1230 2927 1316 2971 ‘'Os
1344 2929 1434 2969 ποτ’
1467 2927 1517 2971 ἐνὶ
1545 2925 1687 2984 Τρώων

168 2987 295 3046 ἀγορῇ
326 2983 530 3035 Μενέλαον
568 2983 709 3041 ἄνωγεν
751 2986 968 3052 Ἃγγελίην
1007 2986 1174 3040 {tadum
1210 2984 1275 3033 σὺν
1315 2983 1478 3051 ἀντιθέῳ
1517 2983 1695 3035 Ὀδυσῆΐ
