1838 3164
159 137 240 182 168
706 155 900 189 Emesls
919 136 1150 189 NOMlNUM.

157 258 363 311 πηχυαῖος
406 254 451 297 τὸ
470 256 670 306 μέγεθος,
707 255 888 299 cubitali
915 254 1230 311 magnitudine.
1308 253 1511 311 [Talibus
1545 254 1668 304 locis,

161 314 240 357 ubi
262 327 422 358 nomen
440 315 550 356 illud
574 328 663 357 non
694 315 895 356 additum
921 316 988 354 est
1020 314 1117 369 ωξὸς
1151 312 1435 355 ἀντιδιαστολῆν
1455 313 1567 355 alius
1594 327 1667 355 cu-

157 373 339 427 jusdam
364 373 662 428 proprietatis,
698 373 943 413 orationem
964 383 1152 423 agnosco
1172 383 1260 411 non
1289 371 1482 423 plenam,
1512 370 1586 412 sed
1604 384 1669 412 re-

132 432 136 436 '
161 431 432 473 dundantem
450 444 460 471 :
493 433 544 472 ut
565 431 655 471 haec
674 440 846 481 quoque
866 428 1033 481 ellipsis
1053 431 1218 470 temere
1239 429 1423 470 conficta
1451 428 1666 469 videatur.

158 486 461 544 Frequentant
481 491 626 530 autem
647 485 789 527 Graeci
818 485 1065 538 hujusmodi
1094 486 1413 541 pleonasmum.
1460 484 1669 527 Herodot.

158 547 194 597 i.
213 561 252 589 c.
280 546 352 588 51.
374 546 436 587 in.
455 548 660 600 κρητῆρας·
677 542 741 583 δύο
766 541 938 591 μεγάθεΐ
959 544 1165 591 μεγάλους.
1227 540 1371 591 Qudd,
1393 546 1444 584 ut
1477 542 1670 597 plurima

163 605 255 646 alia
275 603 507 650 Herodoti,
526 602 728 642 imitatur
757 599 1000 641 Pausanias
1021 601 1099 642 lib.
1115 602 1174 645 ix.
1195 615 1232 643 c.
1248 601 1290 642 2.
1317 604 1430 642 extr.
1462 600 1668 642 πεποίηται

160 661 204 703 δὲ
217 660 325 717 ὀρθὸν
343 657 498 709 μεγέθει
519 657 686 707 ἄγαλμα
711 659 832 706 μέγα.
859 658 936 699 lib.
955 670 999 699 X.
1020 671 1058 699 c.
1082 658 1121 699 8.
1143 662 1251 700 extr.
1293 656 1422 700 Οὗτος
1445 657 1483 699 δὲ
1512 654 1671 706 μεγέθει

152 721 290 767 μέγας
310 716 374 758 καὶ
403 717 586 757 ἀνωτάτω
611 719 680 757 τοῦ
708 714 851 756 ἄστεως
870 715 1007 770 (bona
1031 716 1213 768 genitivi
1248 717 1376 769 hujus
1406 716 1572 764 forma,
1598 713 1670 756 cui

160 777 310 817 nescio
329 788 406 816 cur
424 772 581 815 Facius
610 773 682 813 hic
714 773 910 826 alibique
940 774 1104 815 bellum
1135 774 1361 829 indixerit)
1395 774 1489 813 ἐστι’.
1547 772 1670 813 Aris·

159 834 317 874 toteles
365 831 526 873 Mirab.
563 830 764 885 Auscult.
793 832 935 873 cxxiv.
982 833 1364 887 πέτραν-μεγάλην
1405 836 1458 886 τῷ
1493 828 1668 878 μεγέθει.

158 888 282 933 Idem
319 891 601 944 pleonasmus
631 889 676 929 in
703 890 924 942 parvitate
952 889 1239 941 significanda
1271 889 1455 929 obtinet.
1533 886 1673 929 Hero-

158 949 290 990 dotus
320 949 376 989 iv.
412 960 446 988 c.
472 946 543 988 52.
576 945 731 1001 (κρήνη)
756 945 928 995 μεγάθεϊ
955 946 1094 1001 σμικρῆ
1131 948 1254 988 ἐοῦσα.
1315 944 1401 986 Pro
1428 958 1516 999 quo
1540 943 1673 986 Palae-

159 1007 321 1061 phatus
341 1018 442 1046 xxv·
471 1004 599 1058 (βοῦς)
620 1003 664 1044 τὸ
683 1002 848 1052 μέγεθος
864 1005 1012 1059 μικραί.
1064 1002 1176 1044 ‘Alia
1205 1004 1338 1045 habet
1353 1002 1673 1054 Wesselingius

161 1065 221 1105 ad
259 1062 529 1104 Herodotum
548 1074 594 1116 p.
617 1060 689 1102 24.
716 1063 938 1114 aquibus
959 1062 1070 1102 adde
1105 1074 1160 1102 ex
1189 1061 1327 1102 Suida
1362 1063 1395 1101 t.
1415 1060 1531 1114 ii..p.
1570 1058 1671 1101 396.

160 1122 309 1166 στήλην
329 1119 466 1175 μικράν
488 1125 542 1175 τῷ
568 1119 698 1168 μήκει.
755 1118 823 1161 De
845 1120 914 1160 his
941 1119 1247 1171 similibusque
1267 1118 1535 1172 pleonasmis
1560 1117 1671 1158 utri-

157 1191 297 1231 usque
330 1178 491 1230 linguae
528 1177 617 1219 vid.
653 1175 835 1219 Dorvill.
864 1177 920 1219 ad
951 1175 1122 1218 Charit.
1150 1190 1192 1231 p.
1228 1174 1330 1217 284.
1388 1174 1494 1216 Dixi
1525 1187 1672 1229 supra,

156 1235 443 1278 ἀντιδιαστολῆς
476 1235 589 1290 χάριν
609 1247 758 1277 vocem
789 1234 954 1284 μέγεθος
982 1235 1149 1289 passim
1188 1234 1305 1275 addi.
1366 1231 1548 1274 Referas
1571 1232 1672 1279 huc,

158 1294 198 1334 Si
219 1295 301 1344 vis,
324 1292 514 1334 Pausan.
538 1294 585 1334 ii.
605 1307 640 1334 c.
660 1292 732 1333 34.
755 1296 866 1334 extr.
901 1289 1285 1341 ἄγαλμα-μεγέθει
1320 1306 1361 1330 τε
1376 1292 1498 1338 μέγα,
1519 1289 1583 1330 καῖ
1611 1289 1673 1330 ἐπὶ

148 1355 214 1406 »τῇ
236 1353 360 1405 τέχνῃ
377 1349 469 1391 θέας
490 1348 605 1399 ἄξιον.
661 1348 823 1391 AElian.
839 1350 893 1391 de
913 1348 973 1391 N.
999 1349 1053 1390 A.
1078 1349 1181 1390 xvii.
1203 1363 1240 1390 c.
1260 1347 1331 1389 25.
1356 1349 1416 1388 in.
1437 1346 1674 1390 πιθήκων-

158 1410 250 1456 «γένη
280 1409 441 1448 ποικίλα
467 1406 538 1450 τὴν
558 1407 694 1463 χρόαν,
719 1405 877 1457 μεγέθει
907 1424 949 1447 τε
977 1409 1159 1455 μέγιστα.
1219 1404 1331 1447 Item
1348 1406 1400 1446 de
1429 1405 1666 1458 parvitate.

155 1463 379 1506 Diodorus
396 1463 488 1506 Sic.
511 1465 619 1505 xvii.
639 1478 677 1506 c.
700 1464 772 1507 90.
820 1464 938 1517 ’ὄφεων
953 1462 1123 1511 «πλῆθος,
1143 1466 1283 1517 μικρῶν
1299 1463 1367 1511 μὲν
1380 1466 1459 1503 τοῖς
1477 1460 1672 1513 μεγέθεσι,

159 1524 247 1562 ταῖς
269 1521 308 1563 δὲ
341 1523 548 1562 ποικιλίαις
583 1520 895 1571 ἐξηλλαγμένων.
957 1518 1042 1561 Pro
1073 1533 1159 1572 quo
1193 1519 1397 1561 AElianus
1430 1520 1484 1560 de
1520 1518 1579 1561 N.
1613 1519 1669 1560 A.
1709 1569 1716 1575 ι

157 1579 267 1621 xvii.
286 1593 322 1620 c.
342 1577 386 1618 2.
445 1581 710 1633 βραχυτέρους
729 1580 798 1623 μὲν
816 1577 891 1631 *γὰρ
918 1575 1007 1618 εἶναι
1028 1583 1082 1633 τῷ
1107 1577 1263 1626 μεγέθει
1296 1583 1452 1633 πολλῷ,
1483 1577 1675 1618 ποικίλους

157 1654 203 1685 ve
234 1636 313 1684 μὴν
347 1635 419 1678 τὴν
459 1636 582 1689 χρόαν
615 1633 787 1688 ὁρᾶσθαι.
855 1633 1135 1686 Quamquam
1169 1637 1207 1676 si
1240 1636 1338 1688 quis
1369 1636 1461 1676 haec
1501 1646 1673 1688 quoque

159 1697 444 1735 πλεοναστικῶς
473 1692 559 1733 dici
581 1692 830 1746 pertendat,
851 1704 932 1744 ego
957 1692 1135 1744 quidem
1172 1705 1261 1733 non
1289 1690 1482 1733 'multum
1515 1705 1673 1746 repug-

159 1764 271 1792 nem.
333 1748 557 1803 ScuAEF]
615 1747 684 1790 Ita
718 1749 852 1791 etiam
888 1749 1038 1790 Latini
1063 1750 1233 1798 dicu‘nt,
1263 1749 1417 1805 longus
1445 1762 1520 1792 sem
1556 1748 1672 1791 cubi—

158 1815 309 1858 torum,
340 1807 436 1849 sub.
454 1806 775 1859 magnitudine.
839 1805 947 1849 Haec
967 1805 1149 1849 Vossius
1175 1807 1228 1848 de
1251 1806 1496 1850 Construct.
1518 1821 1553 1849 c.
1575 1807 1672 1850 xiii.

158 1865 366 1909 ScnwEB.

562 1936 924 1991 MEAIMNOI,
954 1934 1260 1981 MEDIMNI.

231 2011 608 2062 Quemadmodum
659 2011 845 2067 δραχμάς
891 2014 1103 2055 omittunt
1147 2015 1461 2066 nonnunquam
1510 2012 1672 2062 Graeci,

158 2085 260 2115 cum
280 2085 421 2113 sermo
450 2074 516 2111 est
531 2071 584 2111 de
603 2083 649 2110 re
670 2071 935 2119 nummaria,
955 2072 1022 2113 uti
1053 2084 1186 2124 supra
1201 2072 1391 2113 diximus
1409 2085 1419 2120 3
1451 2073 1516 2113 ita
1534 2071 1676 2122 μεδὶμ-
1708 2090 1715 2094 *

161 2149 258 2178 νους,
325 2141 541 2170 mensurae
601 2127 755 2169 Atticae
804 2141 979 2175 nomen,
1034 2129 1223 2171 reticent
1269 2129 1540 2182 aliquando‚.
1575 2143 1674 2174 cum

162 2201 304 2231 sermo
326 2191 392 2228 est
414 2187 467 2227 de
496 2199 543 2228 re
574 2186 877 2228 frumentaria.
938 2185 1143 2240 Polybius
1179 2188 1254 2227 lib.
1284 2201 1325 2228 v.
1355 2200 1400 2241 p.
1434 2186 1531 2228 488.
1589 2184 1675 2226 Καὶ

164 2247 272 2287 σίτου
296 2243 515 2300 προσθεῖναι
543 2242 723 2298 μυριάδα,
755 2257 881 2298 supp.
909 2243 1112 2292 μεδίμνων.
1189 2242 1247 2286 Et
1271 2243 1490 2300 frumenti
1519 2242 1676 2285 addere

163 2303 520 2358 (medimnorum)
541 2301 679 2342 decem
696 2299 851 2343 millia.
913 2300 1091 2342 Plenius
1110 2299 1312 2343 AElianus
1339 2299 1441 2342 Var.
1460 2300 1580 2343 Hist.
1617 2302 1674 2342 vi.
1712 2342 1718 2351 „

148 2361 399 2403 'la—arvos
430 2362 481 2401 εἷς
506 2358 637 2400 ἑκάτὸν
677 2358 866 2407 μεδίμνων
897 2359 1099 2415 μυριάδας,
1123 2358 1395 2416 frumentum
1426 2358 1484 2401 ad
1513 2365 1676 2401 centum

159 2417 467 2461 mdimnorum
481 2414 711 2472 myriadas,

228 2481 250 2504 ¹*
291 2476 364 2518 Sic
394 2475 529 2516 etiam
551 2473 751 2515 Paeanius
788 2473 876 2516 lib.i
895 2475 1016 2516 iii.C.
1055 2475 1092 2519 l.
1127 2475 1240 2516 Σῖτόν
1277 2493 1319 2516 τε
1350 2475 1460 2516 εἴκοσι
1488 2475 1674 2532 μυριάδας

165 2535 380 2590 ἐδωρήσατο
417 2538 471 2587 τῷ
506 2532 631 2585 δήμῳ.
689 2530 884 2574 Ducenta
914 2532 1055 2574 millia
1084 2532 1323 2575 modiorum
1354 2531 1489 2575 tritici
1511 2531 1674 2590 populo

166 2593 277 2634 dono
297 2589 502 2642 exhibuit.
559 2589 660 2630 Nisi
681 2590 780 2642 quis
800 2591 879 2631 hoc
901 2591 946 2631 in
967 2592 1059 2632 loco
1071 2590 1263 2633 modium
1283 2592 1415 2632 malit.
1427 2591 1691 2632 subaudiri..

165 2650 365 2691 Dubium
386 2652 533 2688 tamen
568 2647 676 2687 mihi
699 2659 784 2687 non
817 2652 898 2696 est,
935 2661 1184 2690 mensuram
1217 2648 1414 2690 Graecam
1445 2647 1674 2690 medimno-

165 2721 261 2750 rum
278 2711 322 2748 et
343 2704 590 2746 Romanam
619 2703 855 2745 modiorum
885 2707 1002 2757 apud
1033 2711 1202 2747 veteres
1229 2709 1428 2748 auctores
1458 2706 1677 2748 interdum

166 2768 281 2807 inter
302 2777 348 2806 se
369 2764 554 2804 misceri.
572 2775 613 2802 v.
643 2760 800 2802 Bosius
829 2762 884 2803 ad
906 2761 1094 2804 Cornelii
1126 2764 1290 2818 Nepot.
1311 2777 1412 2805 xxv.
1450 2760 1546 2805 c.2.
1607 2762 1676 2804 Ita

166 2825 302 2865 etiam
328 2822 445 2873 loqui
477 2824 629 2860 amant
650 2818 816 2866 Latini,
847 2833 884 2860 e.
907 2833 949 2872 g.
974 2819 1186 2862 Horatius
1214 2822 1286 2872 lib.
1310 2823 1340 2861 i‘.
1365 2825 1449 2862 sat.
1482 2822 1516 2861 .i.
1540 2819 1672 2861 v..45.

146 2879 316 2926 ‚Miltia
337 2877 556 2935 frumenti
591 2883 666 2918 tua
697 2875 861 2918 triverit
897 2891 996 2918 area
1028 2885 1205 2920 centum.
1250 2878 1475 2925 Scnwan.
1537 2876 1676 2919 Hero-

140 2940 292 2985 dotus
314 2938 380 2980 iii.
412 2950 449 2978 c.
479 2934 554 2983 91.
586 2934 682 2992 πρὸς
719 2934 903 2989 [latetne
925 2936 971 2978 in
992 2935 1033 2977 h.
1056 2950 1097 2978 v.
1131 2939 1296 2992 πυρούςΊ
1326 2936 1412 2979 vid.
1432 2948 1541 2993 =var.
1574 2936 1671 2983 lect.
